3546 5454
746 627 942 695 ..51...

302 775 466 839 esenatns
480 768 683 842 auctoritate.
704 767 746 841 bt
770 791 879 863 neque
906 779 1053 858 senatus,
1076 791 1183 865 noque
1213 770 1387 864 magistra-

303 900 355 963 tus
381 890 516 963 civitatis
543 892 597 984 jus
624 914 772 986 unquam
788 895 965 967 concedere
995 895 1116 987 potuit,
1149 895 1211 966 nisi
1241 902 1299 966 aut
1330 915 1388 987 po·

189 1005 192 1012 “
302 1017 402 1108 pulos
430 1017 463 1088 id
491 1020 667 1109 permisit,
707 1029 764 1092 aut
800 1028 916 1111 postea
943 1041 1003 1112 per
1032 1021 1137 1113 legem
1166 1020 1388 1093 confirmarit.

302 1143 515 1218 Tulliusrcro
531 1146 565 1218 in
588 1146 735 1219 oratione
756 1166 817 1237 pro
847 1146 948 1218 Balbo
977 1166 1038 1219 nos
1068 1146 1163 1219 docet
1190 1146 1390 1239 quibusdam

302 1267 555 1359 imperatoribus
574 1292 646 1343 eam
676 1280 870 1362 potestatem
888 1294 907 1343 a
924 1272 1046 1364 populo
1075 1292 1133 1364 per
1161 1271 1266 1366 legem
1281 1272 1389 1343 datam

303 1394 405 1468 luisse
435 1405 484 1481 ut,
515 1418 599 1489 qnos
638 1397 753 1490 dignos
780 1397 977 1489 iudicarent,
1010 1418 1068 1470 eos
1098 1407 1236 1498 possent
1266 1397 1391 1469 civitate

305 1519 465 1593 donare1.
491 1520 616 1614 lnjuria
629 1523 728 1614 igitur
750 1523 839 1594 mille
861 1522 1004 1595 Umbros
1027 1522 1243 1616 lgurinosque
1256 1543 1294 1595 ao
1309 1520 1392 1614 Spo-

303 1642 436 1730 letinos,
452 1645 485 1715 in
503 1645 615 1735 praelio
638 1646 680 1717 ad
706 1645 880 1731 Vercellas,
911 1647 995 1718 circs
1012 1646 1132 1718 Marius
1150 1646 1282 1732 lecerat,
1314 1664 1391 1718 oum

304 1767 394 1838 nulla
414 1769 483 1862 lege
502 1770 536 1841 id
553 1772 751 1861 permissum
779 1780 836 1842 aut
859 1771 1089 1843 confirmatum
1119 1779 1219 1855 esset,
1255 1772 1392 1843 lrustra-

304 1911 369 1984 que
409 1895 578 1986 respondit
612 1916 647 1968 se
686 1916 755 1987 prae
796 1915 966 1974 armorum
1006 1895 1145 1988 strepitu
1191 1916 1259 1969 non
1287 1896 1393 1988 legem

305 2017 461 2091 audiisse.

289 2203 292 2210 .
353 2143 503 2238 Hoojus,
520 2147 569 2218 rel
586 2148 657 2241 ejus
687 2157 796 2240 partes
828 2146 1114 2233 communicando,
1135 2147 1275 2222 maxime
1301 2167 1393 2242 egre·

306 2265 395 2359 gium
411 2267 690 2364 fortissimumque
704 2292 771 2343 non
791 2273 899 2344 solum
924 2271 1099 2356 sociorum,
1130 2271 1188 2342 scd
1216 2271 1395 2362 stipendia·

306 2386 433 2460 riorum
450 2411 583 2486 quoque
605 2393 817 2486 hostiumque
847 2400 880 2466 et
906 2412 1074 2464 servorum
1101 2412 1269 2486 quemque
1296 2392 1338 2463 ad
1359 2411 1395 2464 se

306 2514 489 2588 arctissimo
517 2518 644 2592 vinculo
675 2519 871 2612 conjungere
902 2519 1041 2592 Romani
1079 2517 1229 2592 solebant
1242 2516 1268 2590 ².
1313 2517 1396 2588 Post

307 2657 439 2730 prunam
453 2644 641 2717 nocentium
665 2644 756 2715 Bruti
769 2656 771 2660 ’
785 2643 943 2729 filiorum,
965 2652 1000 2715 nt
1017 2645 1051 2715 in
1066 2653 1243 2738 utramque
1264 2651 1394 2739 partem

306 2764 454 2836 arcendis
471 2766 649 2841 sceleribus
674 2769 784 2840 nobile
814 2770 1000 2860 exemplum
1026 2769 1122 2854 toret,
1158 2790 1225 2841 non
1253 2769 1395 2861 pecunia

307 2894 435 2961 tanturn
450 2910 490 2962 ex
512 2893 624 2965 aerario
653 2893 866 2987 libertasque,
898 2893 956 2964 sed
985 2893 1094 2964 civitas
1117 2894 1223 2966 ‘etiam
1253 2894 1328 2965 data
1347 2902 1398 2966 cst

306 3030 399 3086 serro
414 3015 564 3090 Vindicio
579 3019 635 3111 qni
654 3019 812 3111 juvenum
845 3021 885 3091 dc
916 3019 1111 3108 recipiendis
1144 3020 1275 3112 regibus
1310 3040 1395 3092 oon·

308 3133 419 3210 silium
436 3140 602 3214 detexerat
616 3142 642 3214 ³.
673 3142 767 3215 Nune
786 3143 925 3214 urbibus
941 3143 1017 3214 totis
1044 3163 1082 3214 ac
1102 3143 1236 3235 populis
1264 3145 1397 3215 unirer·

308 3263 368 3346 sis,
385 3281 473 3334 nuno
490 3262 557 3337 viro
573 3265 630 3335 uni
660 3265 820 3338 civitatem
849 3266 1033 3359 largiuntur
1049 3265 1188 3338 Romani
1207 3290 1215 3336 :
1234 3266 1279 3337 ite
1293 3263 1398 3338 lactus

346 3647 435 3799 {Pro
448 3648 555 3801 qulbo,
571 3670 639 3732 rur,
657 3652 713 3732 ⁴93
730 3652 809 3732 Liv.,
824 3672 867 3732 rr,
880 3655 909 3732 43
920 3650 999 3716 vell.
1017 3654 1092 3732 Pat,
1106 3672 1140 3732 ιι,
1157 3653 1193 3716 lo
1205 3672 1214 3732 ;
1225 3631 1398 3732 Ilionllal,

308 3758 330 3817 r,
378 3759 386 3818 ;
410 3760 446 3820 11,
487 3788 510 3803 ..

349 3873 475 3937 2Livius
497 3892 549 3938 nos
573 3875 655 3939 docet
680 3875 821 3957 (xxxrnr,
844 3876 898 3956 36)
923 3873 1100 3942 connubium
1124 3876 1277 3959 Campanis
1303 3888 1330 3939 et
1352 3875 1402 3956 jus

309 3962 437 4044 suffragii
450 3965 610 4028 Formianis
625 3966 828 4048 Fundanisque
852 3961 1049 4048 municipibus
1063 3976 1092 4028 et
1106 3965 1296 4049 Arpinatibus
1312 3984 1401 4048 sepa-

311 4049 394 4112 ratim
406 4051 494 4115 fuisse
508 4053 696 4136 impertitum,
712 4067 795 4136 atque
821 4054 921 4117 codem
936 4053 997 4118 loco
1021 4054 1120 4138 populi
1134 4074 1197 4118 esse
1212 4072 1269 4118 non
1283 4062 1402 4117 senatus

231 4201 234 4206 .
309 4137 358 4220 jus
372 4141 551 4223 suffragium,
566 4142 672 4223 quibus
688 4142 768 4221 velit,
784 4143 938 4225 impertiri,
954 4161 1016 4206 esse
1033 4144 1151 4207 scimus.

326 4301 330 4310 x
352 4269 455 4349 ³Liv.,
471 4290 506 4348 11,
521 4273 550 4332 5.
573 4306 612 4320 -
626 4270 734 4336 Eadem
750 4273 891 4354 promissa
906 4273 1022 4337 luerunt
1050 4274 1085 4337 de
1110 4273 1241 4338 Catilinae
1266 4275 1399 4359 conjura-

310 4349 387 4414 tione
401 4350 566 4432 detegenda.
