3546 5454
781 554 901 626 ..¹25
930 591 972 608 .-

335 708 525 792 tissimum,
557 708 710 790 ultimum
739 707 829 792 litus,
863 707 915 778 eui
951 725 1047 778 nares
1077 705 1243 800 appellere
1270 705 1413 798 possint.

336 833 430 918 Quod
445 853 510 904 nnn
526 835 666 905 mullum
681 833 773 904 abest
787 853 806 903 a
819 831 927 902 Suidae
945 831 1113 922 opinione,
1133 831 1190 924 qui
1215 830 1419 904 existimabat

336 955 454 1028 urbem
470 975 541 1044 esse
564 956 598 1026 in
613 954 739 1026 Oceano
757 955 864 1041 sitam,
878 953 1016 1024 uicinam
1043 948 1172 1026 Auerno
1201 953 1309 1055 laeui&
1329 953 1420 1044 qued

336 1080 470 1172 quidem
485 1090 676 1172 renouatum
693 1089 762 1151 erat
789 1079 829 1166 ab
861 1076 1005 1170 antiquis
1037 1077 1268 1170 scriptoribus,
1298 1062 1419 1170 quibus

335 1201 505 1276 Tartarum
526 1214 558 1278 et
573 1201 760 1274 Tartessum
785 1200 884 1272 simul
916 1199 1064 1272 ccnlerre
1091 1199 1226 1292 placuit.¹
1251 1199 1293 1272 Ut
1318 1199 1422 1292 Ophir

335 1346 453 1401 aurum
468 1327 681 1422 significabat,
699 1324 868 1397 Tartessus
895 1343 913 1396 e
942 1313 1076 1413 losephi
1091 1324 1266 1398 sententia
1292 1324 1423 1418 chryse-

301 1510 307 1526 .
336 1449 435 1524 lithos
451 1453 502 1524 uel
516 1451 662 1542 topazios
680 1459 760 1523 erat.
783 1493 789 1546 .'
1366 1479 1368 1482 J

384 1574 467 1648 Cum
481 1578 510 1648 is
526 1577 721 1668 opinionum
737 1593 917 1646 concursus
935 1574 993 1658 sit,
1012 1573 1081 1644 haec
1105 1571 1212 1646 dicere
1239 1572 1357 1649 ausim.
1375 1573 1424 1646 En

336 1699 461 1792 origine
478 1699 634 1782 nominis,
651 1719 690 1771 ex
707 1697 819 1790 oppidi
841 1697 919 1781 situ,
948 1697 1117 1769 Tartessus
1137 1695 1272 1789 Carteia
1301 1717 1423 1770 numen

251 1823 255 1834 '
339 1825 507 1918 antiquius
534 1824 661 1896 uidetur
689 1823 809 1908 luisse;
854 1823 977 1896 sensim
1008 1821 1110 1894 uicina
1142 1823 1233 1914 regio.
1263 1821 1424 1894 Tartessia
1517 1877 1518 1880 ,

336 1958 447 2022 uocata
482 1958 560 2032 est,
591 1948 679 2020 unde
718 1947 867 2020 Gaditani
905 1955 938 2018 et
974 1946 1036 2037 ipsi
1076 1945 1234 2020 Tartessii
1268 1948 1431 2038 appellari·

340 2082 534 2166 potnerunt.
789 2151 791 2155 ,
1429 2144 1431 2148 .

387 2201 471 2294 Tyro
507 2200 655 2272 Herculis
684 2220 773 2272 sacra
798 2201 881 2292 jussi
912 2199 946 2270 in
971 2199 1163 2291 Hispaniam
1189 2218 1249 2292 per
1278 2198 1422 2292 quietem

335 2327 571 2402 transtulerant
595 2326 779 2418 urbemque
806 2325 1020 2397 condiderant
1049 2323 1213 2396 Gaditani.
1241 2325 1305 2399 Sed
1332 2348 1423 2400 nuvae

334 2451 427 2524 urbis
445 2451 656 2523 incrementis
682 2450 904 2522 invidentibus
933 2450 1081 2521 finitimis
1100 2449 1264 2548 Hispaniae
1280 2452 1422 2544 pupulis

334 2578 487 2668 belloque
505 2585 680 2668 propterea
692 2576 941 2660 lacessentibus,
967 2596 986 2646 a
1002 2573 1324 2668 Carthaginiensibus
1342 2598 1421 2652 enn-

335 2701 521 2794 sanguineis
540 2701 697 2771 auxilium
728 2700 926 2790 petiverunt.
959 2699 1023 2784 Qui
1053 2701 1187 2792 quidem
1211 2701 1296 2773 felici
1321 2722 1419 2794 espe-

335 2824 457 2895 diticne
474 2833 506 2894 et
525 2823 701 2894 Gaditanos
716 2823 757 2895 ab
789 2822 908 2914 injuria
935 2822 1181 2895 vindicaverunt
1208 2833 1240 2896 et
1262 2825 1421 2916 majorem

333 2946 509 3038 prouinciae
526 2955 653 3037 partem
668 2945 809 3035 imperio
823 2965 883 3015 suu
900 2944 1091 3036 adiecerunt
1105 2943 1130 3016 1.
1228 2923 1230 2928 ⁸

386 3053 496 3142 Primo
510 3072 596 3142 belle
614 3069 750 3154 Punice,
769 3071 888 3142 amissa
902 3069 1009 3142 Sicilia
1026 3080 1125 3163 atque
1152 3069 1315 3156 Sardinia,
1346 3093 1420 3146 cum

335 3196 492 3268 damnum
521 3196 602 3266 illud
632 3195 788 3267 resarcire
819 3206 1029 3279 conarentur,
1059 3196 1249 3287 Hispaniam
1281 3217 1419 3288 nucupa-

333 3330 449 3391 verunt
465 3318 762 3412 Carthaginienses,
784 3319 889 3392 donec
903 3320 944 3390 ad
957 3318 1090 3391 Iberum
1104 3315 1280 3400 Asdrubal,
1297 3297 1420 3389 Hamil·

332 3446 413 3517 caris
436 3465 548 3538 gener,
583 3447 645 3522 icto
673 3466 748 3518 cum
776 3446 931 3517 Romanis
956 3445 1094 3531 ioedere,
1114 3445 1311 3518 constiterit.
1329 3445 1421 3517 Tunc

336 3570 441 3642 Gades
460 3568 775 3663 Carthaginiensium
790 3570 852 3642 luit
871 3591 945 3642 cum
964 3571 1054 3642 emni
1072 3573 1204 3665 regione
1226 3589 1325 3663 quam
1349 3568 1419 3640 Bae·

334 3693 375 3766 tis
388 3695 511 3766 llumen
527 3694 620 3765 alluit
633 3694 659 3767 2.
1418 3719 1420 3724 ·

382 3817 533 3889 Secunde
551 3827 661 3889 autem
684 3819 770 3891 bellu
788 3820 924 3906 Punice,
955 3820 1046 3893 duris
1077 3819 1264 3910 reipublicae
1294 3827 1419 3916 tempn-

375 4181 385 4222 1
401 4180 438 4241 V.
456 4179 576 4258 lustin,
593 4201 674 4258 xnrv,
690 4183 719 4243 5.

373 4287 479 4365 2Liu.,
497 4307 604 4366 υνυς
623 4289 649 4348 l.
