3546 5454
846 670 889 686 -
919 635 963 706 18
993 673 1034 687 -

446 762 618 855 Ea'autem
634 789 703 854 erat
725 781 815 854 Balbi
841 784 875 855 in
904 773 1071 856 Ciceronis
1099 803 1199 876 opera
1224 784 1411 869 admiratio,
1443 794 1480 854 ut

395 907 509 979 furtim
534 909 575 979 ab
605 906 712 980 Attico
739 918 909 1000 acceptum
937 910 1090 1001 quintum
1121 910 1161 980 de
1190 911 1312 981 finibus
1338 909 1475 996 librum,

394 1031 613 1119 describeret„
627 1042 805 1128 antequam
819 1044 852 1106 et
866 1036 936 1126 ipse
950 1035 1070 1106 Brutus
1084 1035 1216 1127 legisset
1230 1034 1256 1105 ¹.
1368 1127 1371 1136 ¹

457 1155 742 1240 Quemadmodum
776 1156 810 1226 in
839 1152 1016 1260 Cesarem*
1031 1155 1243 1228 assentator⁹
1271 1167 1304 1228 et
1331 1158 1479 1248 pecuniae

397 1280 636 1372 epularumque
657 1299 695 1350 ac
723 1279 788 1350 riui
817 1280 979 1351 amantior
1008 1277 1109 1351 luisse
1138 1278 1309 1352 Cornelius
1334 1281 1476 1366 ridetur,

398 1405 447 1476 sic
461 1405 611 1497 generosi
634 1403 748 1488 animi,
778 1405 811 1475 in
839 1404 978 1495 publicis
1001 1403 1249 1487 calamitatibus,
1281 1405 1479 1498 plerumque

397 1528 447 1600 uir
463 1529 537 1600 iuit.
555 1527 693 1600 Putabat
711 1529 800 1600 enim
828 1526 989 1599 Cesaram
1020 1537 1053 1599 et
1079 1528 1273 1619 Pompeium
1300 1531 1479 1602 concordes

399 1652 470 1725 fieri
500 1674 610 1745 posse.
642 1653 865 1738 Quamobrem
886 1649 1077 1724 Ciceronem
1114 1653 1263 1724 obsecrat
1298 1664 1335 1724 ut
1371 1663 1478 1726 tantos

396 1777 483 1850 uiros
497 1799 612 1850 rursus
636 1779 669 1849 in
694 1779 837 1869 priorem
865 1778 1038 1849 amicitiam
1068 1777 1223 1862 reducat;
1253 1787 1338 1862 tum,
1364 1779 1391 1850 si
1418 1781 1480 1852 hoc

395 1904 517 1975 lactum
542 1902 671 1986 luisset,
702 1903 781 1988 satis
810 1901 928 1973 vixisse
955 1902 1061 1972 risum
1091 1921 1164 1973 esse
1190 1901 1253 1972 sibi
1280 1903 1475 1974 exclamat³.

394 2027 488 2101 Cum¹
501 2049 578 2101 vero
599 2030 667 2121 jam
695 2028 784 2098 nulla
800 2025 1070 2099 reconciliationis
1085 2046 1161 2117 spes
1180 2027 1278 2111 ioret,
1308 2028 1479 2100 laetabatur

393 2163 503 2226 tamen
519 2153 608 2247 quod
622 2152 729 2225 Cesar
744 2152 805 2224 sibi
828 2161 1035 2223 concesserat
1061 2172 1102 2222 ne
1135 2152 1169 2221 in
1195 2152 1235 2223 iis
1252 2153 1364 2224 castris
1392 2163 1479 2225 esset

395 2288 469 2372 quae
483 2288 598 2350 contra
613 2279 789 2350 Lentulum
805 2287 837 2348 et
849 2277 1046 2367 Pompeium
1062 2286 1278 2366 ponerentur.

440 2404 559 2476 Balbus
584 2404 682 2497 igitur
708 2403 788 2475 mibi
816 2403 944 2474 ridetur
974 2422 1047 2473 esse
1076 2402 1344 2472 annumerandus
1366 2401 1478 2492 paucis

389 2528 454 2599 illis
468 2530 605 2621 egregiis
618 2529 696 2599 viris
711 2530 767 2621 qui
786 2529 932 2619 publicas
948 2548 999 2599 res
1015 2529 1048 2597 in
1079 2548 1225 2620 praeceps
1250 2538 1383 2600 ruentes
1402 2550 1476 2600 sus·

387 2653 492 2724 tinere
507 2674 544 2724 ac
558 2653 658 2724 totius
673 2653 807 2724 civitatis
839 2653 966 2725 cladem
998 2652 1163 2723 retardare
1193 2639 1271 2724 sunt
1290 2653 1411 2724 conati.
1435 2653 1472 2722 L.

389 2771 532 2844 Cornelii
548 2782 597 2844 tot
613 2794 650 2845 ac
664 2783 730 2845 tam
744 2774 850 2847 varios
875 2795 968 2847 casus
983 2775 1133 2858 miratus,
1150 2773 1276 2844 Plinius
1291 2773 1361 2864 ejus
1379 2773 1476 2844 vitam

389 2898 476 2970 inter
488 2899 651 2971 uarietatis
669 2899 810 2971 fortune
826 2900 973 2992 exempla
988 2899 1079 2971 dedit
1091 2897 1118 2969 4.

439 3023 604 3095 Eximium
632 3025 823 3097 constantiae
850 3034 883 3096 et
910 3024 1031 3095 amoris
1056 3025 1089 3094 in
1116 3024 1280 3095 Romanos
1304 3024 1477 3115 praemium

388 3150 544 3221 obtinuit.
563 3149 644 3221 Nam
661 3172 693 3220 a.
712 3155 783 3222 7ld
799 3148 888 3220 C.·l.
905 3147 1042 3221 Cesaris
1069 3148 1230 3220 Octaviani
1246 3149 1347 3241 gratia
1362 3149 1475 3220 consul

391 3272 548 3344 subactus
580 3280 641 3353 est,
676 3281 713 3342 ut
744 3292 783 3343 ex
810 3270 900 3343 lastis
931 3269 1124 3361 Capitolinis
1146 3277 1249 3360 patet,
1280 3271 1408 3360 primus
1437 3291 1476 3342 ex

387 3397 568 3490 peregrinis
582 3395 680 3466 talem
694 3396 855 3467 honorem
869 3396 1008 3487 adeptus
1024 3395 1049 3465 ⁵.

432 3518 528 3592 Nulla
543 3522 628 3606 laus,
648 3538 690 3590 ne
704 3519 886 3592 litterarum
901 3519 1048 3612 quidem,
1067 3517 1167 3590 Balbo
1185 3519 1310 3606 deiuit;
1331 3518 1474 3592 sil'rau-

435 3878 604 3958 1AoAtr.,
621 3898 688 3959 xrrr,
704 3883 753 3943 ul.

431 3995 549 4075 2Plut.,
569 3999 659 4076 Coee,
675 4003 726 4060 oo.

430 4114 445 4156 ³
459 4110 510 4175 Ad
524 4115 603 4193 Arc,
620 4133 687 4194 rur,
703 4115 740 4175 lt
755 4132 770 4176 a
780 4132 789 4191 ;
805 4133 847 4191 rx,
863 4112 881 4174 7
896 4112 929 4192 b;
960 4111 1010 4175 Aa
1025 4114 1142 4191 Quint,
1157 4132 1204 4192 111,
1215 4116 1250 4193 l,
1265 4115 1295 4175 9.

434 4230 553 4312 ⁴Pliu.,
568 4234 608 4294 Η.
624 4249 670 4308 aa,
686 4248 741 4309 vu,
756 4231 805 4291 ts.

433 4349 446 4391 ⁶
461 4346 554 4426 Klotz,
570 4347 605 4408 iu
619 4327 813 4427 argumento
821 4364 830 4423 3
847 4344 889 4406 sio
903 4343 1178 4426 Bocche-beclercq.
