3546 5454
854 575 1040 646 ..28-

408 739 475 816 qno
488 723 534 794 ilii
548 722 588 794 ab
605 722 655 794 his
667 729 894 808 secernuntur,
912 725 1005 816 qnasi
1018 741 1121 817 genus
1134 721 1279 795 medinm
1293 723 1380 795 inter
1394 741 1484 795 mor·

408 848 489 918 tales
518 857 615 939 atque
640 846 739 918 Deos.
769 843 867 917 Cultu
896 866 933 918 ae
964 846 1162 939 religiones
1192 848 1307 920 ceteris
1334 848 1485 941 gentibus

407 970 552 1061 primum
567 969 785 1042 abhorrebant
809 970 959 1042 Romani.
990 971 1118 1043 Etenim
1145 971 1221 1042 einis
1245 971 1273 1042 is
1295 973 1413 1065 estqui
1427 991 1485 1064 pa·

407 1093 595 1166 triissaoris
624 1095 737 1178 adest;
767 1094 888 1186 impius
916 1103 1026 1166 autem
1054 1093 1111 1186 qui
1141 1094 1210 1166 haee
1232 1115 1322 1167 saera
1347 1097 1483 1182 deserit,

406 1229 444 1293 nt
457 1218 592 1294 Clodius
610 1246 618 1294 ε
639 1223 828 1316 peregrinos
845 1232 958 1295 eontra
976 1223 1009 1294 in
1027 1223 1148 1314 templa
1176 1223 1313 1295 introire
1341 1223 1485 1314 plerum·

406 1365 471 1437 qne
484 1366 550 1418 non
566 1355 685 1439 potest,
701 1349 856 1440 qnoniam
873 1347 1026 1420 sacrificia
1047 1366 1131 1439 pora
1152 1348 1192 1419 ab
1223 1349 1319 1420 oeoio
1347 1348 1485 1438 proiano

406 1473 562 1544 servanda
592 1481 681 1544 sunt.
715 1472 882 1564 Quidquid
909 1473 1052 1545 bostium
1082 1471 1349 1566 taetupollotnm
1365 1473 1483 1558 iuerat,

404 1595 524 1668 virtute
558 1618 618 1669 soa
646 1597 739 1690 quasi
781 1598 955 1690 spoliatum
984 1618 1021 1669 ao
1053 1597 1247 1671 destitutum
1283 1596 1482 1682 ridebatur,

404 1741 467 1794 neo
475 1722 542 1814 jam
556 1712 779 1795 Romanorum
795 1731 878 1807 erat,
895 1723 957 1793 nisi
972 1722 1035 1813 piis
1049 1722 1251 1794 eaeremoniis
1274 1721 1365 1793 labes
1380 1721 1487 1793 deleta

404 1852 500 1916 esset.
533 1843 739 1917 Undefiebat
756 1844 884 1915 otoiris
900 1864 987 1915 nnus
1006 1865 1058 1916 res
1087 1864 1162 1916 snas
1190 1865 1267 1918 rere
1298 1832 1484 1937 possideret

403 1971 634 2062 irneroturque
645 1970 719 2062 jore
736 1969 868 2062 legitimi
898 1968 1047 2053 dominii,
1071 1989 1128 2040 sen
1145 1969 1219 2061 jore
1234 1968 1426 2054 Qniritium,
1444 1969 1485 2040 ad

403 2095 492 2187 quod
505 2091 560 2184 jus
574 2092 682 2164 omnia
701 2092 768 2164 iere
784 2093 846 2163 alia
875 2091 988 2165 reierri
1017 2110 1129 2182 posse,
1159 2090 1314 2163 velutad
1345 2091 1483 2177 iontem,

401 2219 557 2292 ridentur
569 2217 594 2289 1.
625 2218 710 2290 Civis
727 2227 760 2289 et
784 2217 869 2288 liber
898 2217 938 2288 ab
967 2216 1056 2287 omni
1089 2216 1133 2298 vi,
1165 2235 1239 2306 quae
1271 2217 1397 2307 corpori
1426 2225 1482 2288 ant

401 2345 498 2418 bonis
523 2344 673 2426 insertor,
711 2342 867 2413 immonis
895 2350 963 2412 erat
994 2341 1175 2411 Romanus.
1209 2340 1322 2433 ltaque
1352 2360 1427 2412 oum
1451 2342 1485 2411 in

401 2470 509 2541 medio
524 2469 610 2551 ioro,
629 2467 797 2549 Messanae,
816 2465 891 2538 ciris
907 2466 1087 2549 Romanos,
1110 2466 1203 2557 jusso
1231 2463 1358 2550 Verris,
1388 2467 1485 2559 virgis

398 2594 596 2677 caederetur,
629 2593 845 2663 hortantum
877 2590 1070 2662 reclamabat
1104 2613 1111 2658 :
1152 2586 1281 2661 «Ciris
1311 2590 1479 2662 Romanus

400 2740 488 2803 som,
508 2745 523 2785 o
560 2717 653 2810 qnasi
668 2717 730 2787 bae
743 2714 877 2786 civitatis
892 2713 1200 2786 commemoratione
1223 2713 1332 2784 omnia
1346 2714 1480 2786 verbera

400 2845 617 2937 depulsorum
636 2842 880 2932 arnoiatnmqno
903 2861 921 2910 a
951 2859 1085 2931 corpore
1112 2859 1306 2911 aversorum
1334 2859 1370 2910 se
1397 2839 1484 2910 arbi·

399 2964 583 3039 trareturt.
614 2964 759 3036 Libertas
791 2983 865 3034 oum
898 2963 1024 3034 civitate
1059 2963 1242 3034 arctissime
1281 2962 1486 3056 conjungitur

398 3099 443 3173 et,
462 3089 489 3160 si
504 3089 605 3162 semel
621 3089 719 3161 adimi
734 3087 842 3158 civitas
858 3087 977 3180 potnit,
1001 3085 1136 3157 libertas
1165 3086 1297 3158 retineri
1322 3086 1390 3178 jam
1419 3105 1484 3156 non

398 3225 506 3310 potest
520 3216 545 3288 ³.
579 3215 799 3302 Quamobrem
815 3215 892 3286 oiris
911 3203 1078 3286 Romanos
1104 3211 1340 3285 nobilissimam
1370 3233 1406 3284 ao
1441 3213 1485 3283 la-

397 3342 555 3415 tissimam
572 3337 1008 3412 libertatemsibioindioare
1027 3338 1141 3410 solitos
1168 3347 1249 3421 erat,
1280 3355 1340 3407 nee
1366 3337 1483 3428 iugum

440 3731 450 3776 1
466 3731 501 3795 V.
519 3731 580 3792 Pro
590 3726 672 3806 Mil.;
688 3725 738 3790 Ad
752 3725 815 3789 Aac.
834 3745 868 3806 n,
884 3729 932 3806 ib,
948 3729 977 3807 Ξ,
994 3739 1049 3791 eto.
1080 3761 1118 3774 -
1143 3725 1225 3791 Cani.
1242 3725 1338 3791 Fustol
1354 3726 1389 3789 de
1402 3727 1483 3789 Cou-

396 3821 513 3901 langes,
529 3819 575 3879 Lo
590 3815 799 3898 catenatique,
815 3836 844 3899 p.
861 3815 910 3880 57.

434 3953 501 4012 2Io
520 3952 619 4027 Varia,
635 3950 672 4011 V.
691 3950 740 4025 62,
758 3949 807 4010 63.
824 3949 898 4027 Lege
912 3947 1011 4009 Poreia
1023 3959 1137 4010 oantum
1151 3959 1212 4010 orat
1233 3965 1269 4008 ne
1291 3946 1357 4028 quis
1379 3946 1471 4008 eivonr

396 4044 557 4104 Romanum
573 4035 708 4116 vineerot,
724 4034 957 4115 antverberarot,
977 4048 1025 4099 ant
1046 4046 1168 4099 necaret.
1196 4038 1258 4097 Pro
1281 4035 1368 4114 nob,
1383 4037 1410 4097 i.
1441 4069 1480 4081 -

394 4128 477 4194 Goni.
496 4126 561 4190 Liv,
580 4146 610 4203 x,
623 4128 652 4189 9.
