3546 5454
867 650 1032 717 -9-
1149 607 1151 612 ⁵

388 797 421 866 in
436 805 483 866 tot
499 817 536 866 ac
557 806 623 865 tam
647 795 743 866 variis
770 794 906 886 hujusce
928 793 988 864 viri
1018 794 1146 884 scriptis
1176 794 1338 866 illustrare
1358 818 1366 863 :
1384 793 1474 864 unde

387 919 456 989 sieri
476 921 578 1010 possit
594 919 748 990 omnibus
766 918 976 989 manifestum
1005 918 1159 989 eumdem
1186 918 1291 988 virum
1318 917 1476 1010 eloquen-

384 1041 550 1114 tissimum
576 1041 680 1112 aetatis
697 1060 766 1110 suae
789 1037 886 1109 simul
906 1045 940 1109 et
956 1037 1253 1128 prudentissimum
1278 1036 1476 1127 disciplinis·

384 1187 448 1257 que
476 1167 615 1237 maxime
638 1167 804 1238 imbutum
826 1165 1002 1236 exstitisse.
1027 1164 1162 1238 lllinime
1179 1167 1282 1247 enim,
1310 1164 1335 1234 si
1362 1165 1473 1234 rbeto'-

384 1310 460 1361 rum
475 1290 573 1360 modo
592 1289 738 1361 officinas
752 1290 993 1380 frequentasset
1007 1308 1067 1358 neo
1085 1289 1147 1359 sub
1166 1286 1318 1359 Academi
1341 1287 1472 1357 umbra·

382 1416 462 1486 culis
488 1415 631 1485 assidere
659 1417 775 1486 solitus
793 1425 893 1498 osset,
912 1417 953 1487 de
971 1415 1127 1506 religione
1142 1424 1174 1486 et
1196 1413 1308 1505 patriae
1325 1412 1469 1492 caritate,

382 1537 544 1609 debonis
576 1538 675 1609 rebus
703 1546 759 1608 aut
789 1538 896 1621 malis,
930 1538 971 1608 de
999 1537 1179 1607 uirtutibus
1210 1545 1267 1606 aut
1296 1535 1400 1618 viliis,
1431 1534 1471 1604 de

377 1661 543 1750 voluptate
559 1670 616 1730 aut
631 1662 758 1744 dolore,
777 1661 818 1732 de
836 1661 1144 1753 perturbationibus
1162 1660 1264 1731 animi
1289 1667 1321 1730 et
1350 1657 1470 1730 errori·

378 1783 441 1853 bus
455 1784 545 1874 loqui
563 1784 714 1874 graviter,
740 1786 862 1874 ample,
885 1786 1017 1876 copiose
1044 1784 1220 1874 potuisset.
1249 1782 1470 1866 Quemadmo-

381 1907 461 1978 dum
484 1907 582 1998 igitnr
610 1908 673 1977 vim
691 1916 723 1978 et
745 1909 872 1998 copiam
889 1929 928 1979 ex
946 1909 1150 1999 philosophis
1178 1905 1333 1996 sumpsit,
1364 1906 1410 1976 sic
1441 1905 1471 1975 ei

374 2030 458 2120 juris
474 2030 573 2101 civilis
597 2051 634 2101 ac
650 2031 771 2122 publici
789 2033 923 2104 scientia
939 2033 971 2104 in
989 2033 1121 2122 privatis
1136 2031 1241 2104 causis
1261 2030 1325 2102 tela
1342 2050 1468 2121 suppe·
1519 2063 1524 2069 ·

383 2153 506 2225 ditabat
520 2151 545 2224 ¹.

415 2304 473 2375 His
494 2304 686 2394 praemissis
702 2303 870 2376 Ciceronis
887 2325 946 2394 pro
960 2305 997 2375 L.
1008 2303 1160 2376 Cornelio
1177 2305 1275 2376 Balbo
1287 2305 1468 2377 orationem

379 2428 508 2499 fatebor
526 2429 558 2497 in
575 2428 689 2516 primis
704 2428 834 2518 dignam
851 2428 952 2496 visam
968 2447 1053 2509 esse,
1068 2428 1108 2497 de
1124 2449 1187 2518 qua
1203 2429 1414 2500 dissererem.
1426 2429 1468 2498 Ut
1523 2420 1526 2425 ’

380 2551 468 2622 enim
487 2551 597 2620 insunt
622 2552 693 2620 loca
719 2551 798 2619 satis
828 2550 969 2620 obscura
996 2559 1094 2641 atque
1126 2551 1169 2621 ob
1200 2552 1234 2622 id
1263 2553 1467 2644 indagatione

376 2689 458 2738 nova
478 2668 684 2751 illustranda,
720 2668 766 2739 sio
781 2667 941 2760 quidquid
958 2668 997 2738 do
1014 2667 1147 2738 ciuitatis
1164 2669 1238 2759 jure
1254 2669 1334 2738 dixit
1352 2667 1464 2740 Cicero

373 2794 504 2864 maximi
528 2793 686 2862 momenti
705 2812 776 2862 esse
794 2793 835 2862 ad
859 2792 1141 2882 meliorem-juris
1160 2793 1297 2863 Romani
1314 2795 1465 2864 notitiam

376 2935 395 2984 a
412 2935 464 2986 me
479 2915 542 2984 tuit
560 2914 795 2986 existimatum.

425 3063 470 3134 [le
485 3062 735 3153 quaestionibus,
749 3085 823 3156 quae
836 3066 876 3135 ad
892 3067 1073 3138 orationem
1088 3088 1149 3158 pro
1167 3067 1265 3138 Balbo
1281 3068 1461 3157 pertinent,

376 3187 558 3275 puaesortim
581 3187 620 3257 de
637 3188 770 3278 populis
789 3188 914 3271 lundis
933 3190 1082 3280 quaedam
1109 3199 1205 3261 antea
1222 3200 1300 3261 sunt
1327 3192 1460 3282 scripta.

373 3309 526 3401 Sigonius
540 3310 628 3380 enim
650 3309 879 3402 Manutiusque
908 3320 941 3382 et
965 3312 1198 3395 narrentanos,
1216 3315 1269 3384 ille
1283 3315 1462 3385 acerrimus

372 3436 467 3505 Tullii
484 3436 660 3517 detractor,
686 3456 726 3506 ne
750 3436 782 3506 in
812 3438 909 3508 uerba
937 3427 1082 3529 magistri
1108 3438 1274 3511 Ciceronis
1290 3441 1451 3532 jurarent,

374 3559 515 3648 populos
533 3558 653 3628 londos
682 3559 776 3629 aliter
807 3568 905 3650 atque
934 3559 1023 3630 balbi
1054 3561 1205 3633 defensor
1234 3563 1267 3633 in
1296 3567 1462 3633 commen·

372 3683 462 3752 tariis
480 3682 616 3753 delinire
633 3683 740 3753 eonati
755 3692 845 3753 sunt.
867 3682 903 3752 ln
917 3683 1082 3756 Thesauro
1098 3695 1208 3757 aulem
1225 3687 1459 3778 antiquitatum

372 3804 609 3887 Romanarum,
625 3803 747 3875 Nicolai
762 3806 902 3898 Rigaltii,
938 3806 1083 3878 lsmaolis
1098 3807 1249 3880 Bullialdi
1272 3817 1306 3880 et
1328 3809 1458 3882 Henrici

368 3925 486 4024 Valesii
522 3927 758 4016 disputationes
792 3930 955 4021 graviores
988 3933 1151 4024 congessit
1181 3932 1328 4004 Graevius
1356 3909 1455 4026 atque

412 4286 422 4328 ¹
438 4285 519 4347 Coni.
537 4285 684 4348 Ciceronis
698 4286 734 4348 de
746 4298 805 4350 arte
820 4287 960 4350 rhetorica
973 4286 1071 4350 libros.
