3546 5454
759 674 800 691 ..
832 642 875 708 pp
903 677 950 690 .-

301 787 494 880 agitabam,
511 805 683 879 perquam
700 783 872 858 Cornelius
888 783 970 857 nihil
988 794 1051 870 est,
1074 792 1294 877 praeterquam
1311 803 1392 874 pro·

302 912 502 1002 pinquorum
519 930 656 982 suorum
673 910 884 992 hereditates,
904 909 1083 980 adsecutus
1100 908 1124 980 ¹.
1144 937 1159 974 »
1197 909 1277 994 Quae
1292 907 1394 981 verba

302 1034 346 1105 ita
359 1035 547 1126 explicanda
571 1043 653 1124 puto
672 1059 680 1103 :
699 1054 773 1104 oram
803 1033 914 1124 potius
944 1054 1004 1125 per
1034 1037 1265 1124 odrogutiunam
1292 1053 1393 1126 quam

304 1178 364 1249 per
396 1161 586 1248 adoptionem
615 1159 648 1227 iu
680 1157 888 1249 Theophanis
915 1157 1070 1229 familiam
1099 1158 1221 1228 Balbus
1246 1167 1393 1240 venerat,
1472 1183 1477 1194 ·

302 1302 368 1352 non
386 1282 460 1372 plus
474 1282 503 1352 ei
518 1281 626 1352 evenit
643 1301 742 1372 quam
771 1288 902 1362 natura,
935 1281 1016 1351 nihil
1046 1300 1085 1351 en
1099 1280 1306 1370 Theophanis
1326 1278 1395 1349 for-

302 1402 391 1472 tunis
411 1403 538 1484 habuit,
557 1404 623 1490 sive
641 1401 720 1472 nihil
736 1401 913 1473 heredibus
933 1401 988 1472 ille
1020 1401 1203 1492 reliquerit,
1230 1399 1297 1470 sive
1313 1398 1408 1469 nihil
1495 1489 1498 1494 ,

303 1544 341 1595 ex
356 1523 535 1594 hereditate
555 1523 615 1594 sibi
632 1522 753 1594 Balbus
770 1523 983 1615 arrogaverit.

351 1675 517 1768 Quidquid
535 1675 643 1759 idest,
666 1694 775 1765 neque
789 1674 1013 1766 adoptionem,
1033 1693 1141 1764 neque
1167 1674 1282 1744 hortos
1310 1670 1394 1742 Tus·

303 1800 437 1871 oulanos
455 1799 674 1888 probaverunt
689 1818 820 1870 omnes.
838 1798 912 1891 lpse
928 1806 1038 1869 noster
1051 1797 1177 1868 Tullius
1192 1798 1235 1868 ad
1249 1794 1395 1869 Atticum

246 1907 248 1912 ’
303 1941 400 1991 suum
426 1921 538 1992 scribit
568 1941 603 1991 se
634 1941 700 1991 non
732 1921 912 2012 intelligere
941 1939 1024 2012 quos
1053 1920 1159 1990 bonos
1192 1941 1263 1992 osse
1292 1922 1391 2004 dieat,

304 2043 461 2135 quoniam
476 2044 504 2114 ei
523 2046 633 2114 omnia
647 2044 721 2135 jura
747 2065 899 2134 perversa
923 2042 1024 2115 luisse
1050 2043 1245 2129 videantur3
1276 2045 1397 2116 latetur

305 2167 366 2238 sibi
398 2167 523 2258 placere
565 2187 672 2258 neque
701 2165 898 2240 Gaditanum
931 2187 950 2236 a
978 2164 1160 2259 Mitylenaeo
1187 2170 1393 2260 adoptatum,

307 2311 415 2382 neque
427 2290 650 2362 Tusculanum
666 2290 802 2376 etUBalbi
819 2291 953 2362 hortum
971 2287 996 2359 ².

352 2440 395 2511 ht
427 2460 491 2511 non
522 2441 563 2511 oh
594 2441 720 2514 divitias
747 2449 875 2513 tantum
905 2451 937 2513 et
972 2441 1197 2512 Romanorum
1232 2442 1396 2514 beneficia

302 2565 439 2636 Balbum
456 2566 680 2656 culpaverunt,
713 2567 771 2637 sed
800 2564 928 2637 crimini
956 2583 1089 2656 quoque
1117 2564 1280 2635 dederunt
1298 2565 1393 2657 quod

304 2691 337 2759 in
369 2689 492 2759 tribum
529 2685 776 2760 Crustuminum
806 2688 1020 2778 pervenisset.
1053 2688 1172 2760 Tribus
1203 2689 1292 2760 enim
1321 2687 1418 2758 aliae.

304 2812 374 2881 aliis
393 2811 525 2882 luerunt
538 2812 779 2895 honoratiores,
794 2807 874 2903 'quia
890 2812 1099 2903 prerogativae
1117 2811 1269 2903 quaedam
1285 2819 1392 2894 erant,

305 2933 337 3003 id
354 2941 403 3002 est
417 2932 568 3024 sutfragia
584 2941 659 3004 aute
674 2933 753 3002 alias
770 2932 929 3013 serebant,
963 2933 1007 3003 ita
1021 2941 1058 3002 ut
1073 2953 1111 3004 ex
1127 2953 1193 3002 una
1209 2932 1243 3002 in
1259 2932 1394 3002 alteram

304 3055 440 3127 honoris
469 3063 502 3124 et
533 3056 658 3144 praemii
695 3075 789 3124 causa
816 3064 873 3124 aut
906 3074 1012 3144 poenae
1044 3054 1280 3147 dedecorisque
1309 3055 1394 3126 ciues

305 3180 495 3250 transirent.
520 3177 676 3249 libertini
703 3177 824 3268 quibus
855 3177 942 3247 filius
961 3153 1189 3268 quinquenuio
1206 3178 1311 3269 major
1327 3187 1397 3248 erat

306 3322 345 3372 ex
381 3301 516 3372 urbanis
544 3303 578 3371 in
607 3301 744 3372 rusticas
775 3300 882 3371 tribus
911 3301 1196 3372 senatusconsulto
1221 3319 1395 3392 promove·

305 3425 438 3495 bantur.
458 3424 521 3508 Qui
544 3423 688 3496 ambitus
705 3444 799 3496 reum
816 3425 960 3516 aliquem
977 3425 1157 3516 peregisset
1181 3424 1213 3494 in
1244 3424 1400 3496 condem·

306 3549 371 3620 nati
386 3548 523 3631 tribum,
540 3548 567 3617 si
584 3549 652 3619 haee
666 3548 972 3630 honoratioresset,
1005 3549 1144 3620 transire
1177 3569 1217 3620 ex
1245 3569 1306 3620 sua
1335 3568 1395 3638 po·

345 3955 554 4038 1rr0aato0,
570 3975 640 4038 xxv,
661 3959 710 4021 57.
738 3995 777 4008 —
804 3957 889 4024 Conl.
907 3960 1025 4039 Gaium,
1052 3961 1132 4040 luat,
1161 3980 1184 4038 1,
1215 3958 1253 4020 99
1263 3978 1271 4036 ;
1302 3954 1394 4037 Gall,

306 4071 337 4129 v,
356 4053 410 4129 ⁴93
428 4047 503 4113 'Pro
517 4050 615 4112 domo.
632 4067 699 4127 xm,
717 4051 767 4112 35.

346 4180 423 4278 2ald
434 4182 513 4258 Ata,
529 4202 583 4261 vn,
600 4182 631 4258 T,
651 4188 680 4243 6.
