1013 1485
484 214 579 231 -53-

259 251 305 268 ribus
311 253 397 274 exceptum
410 251 437 269 sit.
451 251 500 269 Liber
508 251 553 269 enim
567 251 616 269 homo
630 256 696 269 manere
705 251 721 268 in
736 251 798 269 civitate

258 287 294 303 sua,
301 285 329 300 aut
338 287 394 300 novam
402 282 468 305 adipisci
478 285 537 305 potest.
551 282 585 300 Hoc
594 282 633 300 mihi
643 285 686 300 recte
699 287 709 299 a
721 281 798 300 Cicerone

258 312 337 331 affirmari
346 313 410 330 videtur
417 312 431 331 ¹.

282 343 349 362 Carolus
356 343 432 367 Sigonius
440 344 462 362 ait
471 350 475 361 z
493 351 500 360 ‹
510 344 568 367 Populi
578 344 624 362 tundi
632 346 677 365 sunt,
686 344 714 367 qui
721 344 752 367 ipsi
760 349 798 362 auc-

259 378 304 393 tores
311 375 354 393 fiunt
360 378 378 393 ut
384 375 422 398 jure
434 375 475 393 civili
489 380 507 393 se
521 375 629 399 obstringant,
639 380 671 399 quo
680 376 730 394 modo
738 376 800 399 aceepit

257 408 341 424 aecusator
347 405 418 424 Cornelii
427 406 472 424 Balbi
478 405 492 424 ².
501 413 509 422 r
526 406 556 427 Qui
569 406 636 429 quidem
647 406 690 424 idem
698 407 718 424 de
725 407 798 425 hocloco

257 439 307 460 atque
316 436 405 458 Manutius,
415 439 467 460 putat.

283 467 378 486 Francisnus
392 468 508 489 Hotiomanus,
527 468 571 486 velut
588 468 670 486 Manutius
684 473 702 487 ac
715 468 797 492 Sigonius,

258 499 340 517 existimat
346 499 442 518 Ciceronem
449 505 502 518 causas
510 502 526 518 et
537 500 607 522 tempori
615 500 684 518 servisse
690 500 703 517 ³.
722 507 730 516 ι
741 500 798 524 Neque

258 535 322 551 rursus,
333 530 386 553 inquit
396 530 430 551 ille,
439 530 461 548 ob
474 535 510 548 eam
524 535 587 548 cansam
603 530 638 549 [ieri
653 531 724 553 populus
737 531 799 549 fundus

257 560 315 578 dieitur
324 560 368 583 quud
378 560 393 578 in
401 566 421 579 eo
430 561 455 578 lex
463 561 523 584 aliqua,
535 563 612 584 tanquam
621 560 708 579 :edificium
716 560 733 579 in
747 561 797 579 tundo

256 595 334 615 ponatur,
343 592 371 610 sed
381 592 425 615 quod
433 592 495 610 civibus
502 593 538 610 suis
544 597 586 610 novo
594 595 611 610 et
623 592 685 611 adscito
699 593 736 616 jure
750 596 797 611 uten-

256 623 300 641 tibus
309 623 422 643 iundamento,
433 623 450 640 id
464 625 495 643 ost,
511 623 614 641 firmamento
628 623 656 641 sil,
670 623 718 644 item,
732 626 750 641 ut
761 629 798 641 auo-

256 656 307 674 tores,
317 654 350 671 sive
360 656 421 677 patres,
429 654 462 672 sive
470 656 538 674 tutores.
547 654 580 672 sive
587 654 687 676 venditores,
693 654 796 673 firmamento

257 690 293 703 esse
301 686 354 703 solent
360 685 396 703 aliis
404 686 432 708 qui
442 690 499 703 eorum
514 686 625 703 auctoritatem
641 686 664 703 ira
678 688 770 709 sequuntur
779 689 797 704 ut

256 721 275 734 ea
283 716 351 739 perinde
360 716 433 734 nitantur
441 717 486 740 quasi
494 717 562 735 aedificia
571 717 644 734 fundo...
660 724 668 733 =

279 747 327 769 Quod
337 747 377 765 mihi
387 748 426 765 satis
439 748 507 766 confuse
522 748 582 766 dietum
596 748 665 766 videtur.
682 748 739 771 Neque
753 748 796 766 enim

243 779 357 802 -distinguunt
365 781 398 797 tres
405 779 427 796 iili
435 779 536 797 celeberrimi
550 784 568 796 ao
582 778 697 801 sapientissimi
712 778 748 799 viri,
764 778 796 796 Ma-

254 810 310 828 nutius
316 809 425 833 Sigoniusque
437 812 453 828 et
466 810 583 831 Hottomanus,
597 810 640 833 quod
657 810 748 827 luculenter
762 810 796 828 dis-

253 841 305 859 cernit
315 846 334 858 ac
349 841 407 864 probat
418 840 482 861 Cicero,
498 841 578 859 universae
593 841 661 859 civitatis
677 841 763 858 transitum
779 841 794 858 in

253 872 332 890 civitatem
340 872 429 890 Romanam
436 872 515 890 electione
527 877 545 890 at:
560 872 626 895 proprio
641 877 730 893 consensu,
746 874 795 895 atque

253 903 321 921 civitatis
329 903 436 921 mutationem
443 909 453 921 a
460 904 522 926 privato
531 903 619 926 separatim
629 903 693 921 factam.

278 934 368 953 Hadrianus
383 935 470 953 Turnebus
485 935 533 953 Tullii
551 935 701 958 interpretationem
716 935 796 958 approbat

253 967 303 988 aulue
310 970 348 983 eum
355 965 391 983 sine
403 965 490 983 verborum
506 966 581 988 captione
594 966 704 989 argumentari
716 966 774 984 asserit
789 972 793 983 z

256 1003 264 1012 ‹
278 996 327 1017 Quasi
336 996 362 1014 lex
369 996 426 1014 urbem
435 997 510 1018 Romam,
519 997 535 1014 in
543 1002 575 1020 qua
582 997 614 1015 lata
622 999 653 1018 est,
662 997 690 1018 ait,
703 1002 732 1020 pro
741 997 794 1015 civita-

273 1087 277 1097 ¹
286 1087 316 1102 Pro
324 1086 377 1105 Bulbo,
385 1091 415 1102 xVL

271 1114 278 1124 ἵ
285 1113 307 1128 De
314 1115 346 1128 ant.
352 1114 380 1133 jur
388 1113 445 1133 Italian,
454 1119 465 1133 1,
472 1114 487 1129 4.

271 1141 278 1151 Β
285 1139 371 1159 observat„
380 1145 397 1159 11,
406 1140 429 1155 19,
