3546 5454
799 585 992 657 ..24-

349 729 549 821 muncrum
576 743 761 828 prepotens
774 745 861 810 terra
885 729 1034 832 marique
1047 733 1204 838 Carthago
1218 738 1288 811 nisa
1303 737 1430 814 duabus

346 855 514 952 llispeniis
547 859 686 953 imperio
703 858 849 934 Romano
873 860 1058 936 immineret
1075 873 1109 935 et
1123 861 1247 936 Gnelus
1259 872 1292 937 et
1306 861 1429 936 Coruo·

344 983 412 1057 lius
431 981 602 1076 Scipiones
625 983 693 1078 jam
716 985 925 1070 occidissent,
943 987 1155 1060 ad'Pubiium
1171 987 1358 1081 Scipionem
1372 989 1428 1081 qui

347 1102 574 1203 Carthaginem
602 1129 718 1182 noram
736 1119 866 1206 ceperat
879 1119 978 1205 atque
996 1131 1049 1186 res
1068 1112 1230 1186 Romanas
1252 1113 1371 1186 virtute
1393 1133 1432 1186 ac

342 1228 561 1328 prudentiam
576 1229 748 1308 meliorem
774 1243 895 1309 statum
920 1236 1125 1320 restituebat,
1155 1237 1298 1330 porbigae
1325 1237 1429 1310 Gadi·

338 1345 579 1434 bua‘renerunt
592 1359 783 1451 pollicentes
795 1379 830 1434 se
848 1361 965 1434 urbem
981 1351 1207 1457 Punicumque
1232 1363 1428 1455 presidium

345 1503 420 1558 cum
436 1483 537 1557 classe
563 1503 637 1557 esse
664 1485 996 1575 proclamatione
1022 1497 1154 1580 accepte
1181 1489 1323 1584 dataque
1352 1481 1457 1584 pei-¹

346 1607 456 1703 iugis,
477 1607 513 1679 L.
527 1603 665 1682 Marcius
684 1627 723 1683 eo
750 1627 826 1681 cum
856 1607 1014 1701 expeditis
1045 1611 1248 1706 cohortibus,
1268 1620 1301 1684 ct
1316 1611 1432 1683 Lectius

348 1751 422 1806 cum
451 1739 577 1826 sepiem
607 1729 796 1806 triremibus
823 1742 857 1806 et
883 1735 1112 1827 quinqueremi
1142 1755 1207 1807 nna
1234 1743 1285 1807 est
1310 1734 1431 1806 missus

344 1863 383 1931 ut
399 1867 486 1931 terra
499 1853 647 1951 marique
663 1859 828 1931 communi
845 1850 981 1931 oonsilio
1000 1875 1070 1930 rem
1088 1866 1251 1951 gererent⁶
1268 1857 1431 1930 Patefacta
1458 1877 1460 1884 ’

342 1995 420 2055 tero
452 1981 626 2054 immature
663 1979 795 2054 traditio
829 1981 1152 2074 comprehensosque
1192 1998 1308 2052 omnes
1337 1975 1430 2072 Mago

346 2103 523 2178 Adherbali
553 2105 685 2197 pretori
712 2102 941 2204 Carthaginem
969 2102 1175 2177 devehendos
1201 2103 1302 2177 dedit.
1322 2103 1428 2197 Mago,

347 2238 509 2326 quantum
539 2225 661 2323 potuit,
694 2251 712 2302 a
743 2223 889 2301 Gadibus
914 2227 1031 2322 eregit,
1059 2249 1125 2300 uon
1157 2228 1270 2301 aerario
1304 2237 1431 2300 mutum

344 2353 473 2444 eorum
491 2357 549 2430 sed
578 2357 676 2430 etiam
704 2357 837 2448 templis
868 2355 1015 2447 spoliatis
1046 2365 1078 2428 et
1108 2354 1258 2448 privatim
1278 2355 1433 2428 omnibus

344 2479 462 2555 coactis
475 2497 592 2552 aurum
607 2486 843 2572 argentumque
858 2477 1021 2559 conferre.
1041 2477 1189 2563 Querens
1217 2477 1306 2570 quod
1328 2485 1431 2570 portae

343 2604 422 2691 sibi,
439 2603 528 2678 socio
543 2603 642 2696 atque
658 2597 777 2688 amico,
796 2603 914 2676 oiausae
940 2601 1061 2684 iurent,
1091 2603 1236 2685 suffetes,
1271 2600 1328 2695 qui
1357 2621 1431 2674 oum

347 2739 512 2824 questore
545 2729 692 2802 Romano
710 2727 751 2800 ad
769 2727 971 2820 colloquium
987 2737 1156 2813 venerant,
1183 2725 1375 2800 verberibus
1390 2727 1433 2797 la·

344 2864 471 2932 ceratos
486 2853 573 2928 cruci
591 2851 677 2947 alfigi
697 2852 808 2947 J’ussit.
827 2851 1048 2938 Quamobrem
1071 2851 1239 2945 Hispania
1266 2850 1431 2945 Cartbagi-

345 2977 517 3052 niensibus
530 2994 662 3068 semper
674 2966 817 3048 lacessiti
833 2995 871 3047 ao
885 2973 1015 3066 spoliati
1030 2983 1063 3047 et
1077 2974 1177 3046 coacti
1191 2983 1229 3046 ut
1242 2971 1382 3065 majores
1398 2973 1430 3044 iu

347 3103 435 3178 diem
452 3093 580 3174 divitias
597 3100 777 3193 pluresque
790 3097 912 3171 milites
929 3097 1057 3182 darent,
1073 3095 1252 3184 Romanos,
1278 3107 1433 3192 tauquam

343 3221 551 3313 liberatores,
578 3226 781 3299 moderatius
810 3234 943 3319 agentes
961 3237 986 3308 ,·
1014 3223 1162 3316 accipere
1200 3233 1427 3296 assueverunt.

344 3353 474 3452 ltaque,
493 3360 571 3443 post
586 3347 730 3444 Magonis
744 3350 784 3423 ab
799 3349 919 3423 Oceani
935 3368 992 3421 ura
1007 3348 1200 3432 discessum,
1230 3347 1323 3433 dum,
1340 3348 1430 3422 insu·

348 3475 389 3551 iis
403 3474 589 3550 balearibus
603 3473 717 3568 captis,
748 3474 781 3546 iu
807 3473 931 3547 ltaliam
957 3472 1125 3558 tendebat,
1158 3481 1275 3564 sponte
1292 3491 1350 3544 sna
1365 3471 1431 3545 llo·

346 3602 453 3680 mauis
467 3601 618 3674 Gaditani
637 3596 804 3673 deduntur
822 3625 832 3672 t
852 3610 932 3674 tuuc
946 3599 984 3671 L.
1001 3597 1129 3671 blancus
1149 3597 1334 3691 primipilus
1357 3617 1431 3670 oum

346 3731 393 3807 eis
418 3728 526 3803 loedus
556 3726 651 3800 icisse
678 3726 833 3800 diciturt.
866 3725 944 3799 Sine
974 3723 1075 3798 dubio
1106 3723 1238 3797 obsides
1268 3723 1430 3797 dederunt

387 4121 400 4167 ¹
415 4121 472 4202 ld,
488 4119 575 4200 ibid,
590 4121 639 4185 23.

386 4259 449 4322 2V.
465 4254 542 4332 Liu,
557 4271 664 4332 xxrrn,
680 4253 788 4318 30-37.
805 4251 879 4330 Cio,
896 4253 957 4314 Pro
973 4250 1079 4328 Bolbe,
1096 4269 1144 4313 xv.
