3546 5454
383 717 543 812 seriptum
558 719 669 806 rideo,
684 717 928 816 Arganthonius
942 726 1078 818 qnidani
1100 723 1260 810 Gadibus,
1287 728 1345 820 qui
1372 733 1461 800 orto-

382 845 473 938 ginta
490 865 595 917 annos
622 855 823 939 regnaverat,
852 857 982 920 centurn
1011 848 1124 940 viginti
1146 850 1313 922 urent.»
1346 849 1393 920 Ει
1411 850 1461 922 his

382 970 527 1062 primum
539 969 797 1043 ridetureedeun
818 972 901 1044 urbs
927 993 1001 1045 esse
1025 972 1133 1044 Gades
1149 983 1248 1066 atque
1274 973 1458 1046 Tartessos.

377 1095 426 1170 lte
437 1095 589 1170 Tartesso
602 1107 714 1171 auteur
729 1100 872 1171 multum
888 1101 1073 1172 dubitatur.
1089 1099 1172 1172 Nam
1185 1101 1239 1172 alii
1253 1102 1316 1174 hoo
1334 1101 1460 1172 Tartes-

380 1222 507 1296 siorum
524 1221 673 1296 uouneul
698 1225 807 1296 omnis
823 1223 991 1316 Hispania
1014 1226 1118 1298 luisse
1144 1227 1279 1310 roluut;
1310 1227 1364 1298 alii
1379 1227 1462 1297 hano

380 1351 499 1424 urbem
521 1371 596 1424 oum
608 1351 708 1423 Tarso
722 1352 756 1423 in
771 1352 895 1438 Cilicia,
923 1353 978 1424 alii
1006 1354 1138 1426 tandem
1166 1373 1241 1426 eoru
1271 1350 1462 1444 Carthagine

382 1475 601 1550 uouluuduut.
633 1475 732 1567 Apud
768 1497 877 1548 saeros
904 1486 939 1550 et
964 1477 1120 1567 proiauos
1146 1497 1257 1549 rerum
1285 1477 1461 1567 scriptores

380 1600 485 1672 multa
501 1599 543 1671 de
559 1600 622 1672 hoo
648 1600 770 1692 oppido
799 1600 883 1674 diota
910 1611 1001 1673 suut.
1033 1601 1070 1672 lu
1101 1600 1244 1673 occiduis
1268 1601 1461 1673 Phoeuieum

381 1724 519 1797 coloniis
540 1725 640 1796 nullae
664 1725 844 1798 nobiliores
872 1736 966 1797 eraut
995 1745 1094 1818 quam
1118 1725 1298 1817 Hispanieae
1317 1750 1326 1795 z
1343 1734 1462 1816 praeter

381 1866 500 1920 aurum
513 1856 547 1918 et
560 1857 744 1940 argentum,
769 1849 944 1938 plumbum
967 1847 1064 1919 etiam
1089 1848 1280 1939 ferrumque
1305 1849 1461 1940 suppedi-

380 1970 506 2041 tabant.
524 1968 571 2040 Ει
587 1968 627 2039 iis
643 1969 782 2040 maxime
797 1969 932 2060 antiqua
956 1978 989 2040 et
1015 1969 1169 2059 opulenta
1195 1980 1265 2040 erat
1291 1969 1461 2041 Tartessos

382 2094 567 2186 diritiaeque
579 2091 818 2166 Tartessiorum
837 2113 951 2186 regum
964 2094 997 2164 iu
1012 2094 1184 2183 proverbia
1198 2094 1358 2165 abierant.

420 2219 559 2291 Eaurbs
573 2217 1463 2312 matureperiisserideturStrabouisquetemporejam

382 2345 425 2417 de
450 2344 522 2436 ejus
546 2343 611 2415 situ
639 2344 846 2435 nominisque
876 2341 1002 2412 annito
1035 2342 1170 2412 minimo
1200 2343 1381 2414 eousebar.
1409 2341 1462 2413 Ad

379 2468 529 2541 Herculis
556 2468 725 2540 columnas
755 2487 827 2539 eam
855 2466 923 2538 iere
949 2486 1065 2537 omnes
1095 2476 1278 2557 posuerunt
1305 2492 1314 2536 :
1339 2468 1392 2537 alii
1421 2466 1462 2537 ad

380 2591 747 2675 ostialluruinisBaetis,
772 2592 865 2684 nujus
890 2611 1012 2662 nomeu
1032 2591 1124 2683 prius
1153 2591 1322 2664 Tartessos
1349 2591 1459 2674 luerit,

379 2716 435 2788 alii
449 2715 770 2808 adproutoutoriunu
787 2713 922 2808 Calpen,
941 2716 997 2788 ubi
1023 2715 1085 2787 luit
1113 2713 1253 2798 Carteia,
1277 2717 1462 2788 loeareruut

381 2841 499 2914 urbem
514 2841 556 2913 de
569 2861 633 2932 qua
649 2841 868 2930 disputamus.
884 2841 1071 2912 Tartessum
1098 2841 1133 2911 iu
1155 2852 1316 2913 conuentu
1335 2840 1464 2912 Gadita·

378 2986 422 3038 uo
451 2964 552 3037 inisse
582 2965 663 3036 dixit
692 2964 841 3046 Plinius,
866 2965 1042 3056 atquehoo
1058 2985 1181 3042 nomeu
1212 2975 1306 3036 retus
1322 2963 1461 3036 Gadium

383 3091 486 3163 luisse
503 3090 633 3163 asserit.

426 3215 462 3288 lu
479 3223 529 3288 tot
544 3215 711 3308 tantisque
738 3213 862 3296 dubiis,
894 3214 943 3286 vir
972 3214 1103 3305 sapiens
1135 3215 1309 3307 quidam³,
1338 3217 1372 3287 io
1402 3217 1463 3288 hoo

379 3343 491 3414 lorsun
515 3340 707 3433 sapientior,
737 3339 926 3411 Tartessum
953 3341 1190 3430 interpretatur
1216 3341 1325 3412 locum
1354 3360 1462 3412 remo·

420 3705 432 3750 ¹
447 3705 493 3768 Ex
506 3702 625 3768 Eusebii
639 3703 789 3782 seuwutia,
804 3712 916 3785 ταρσεις
939 3701 1045 3767 Iberos
1068 3703 1270 3786 iuterpretatur
1294 3702 1461 3781 Boohurtus,

380 3814 427 3874 ιιι,
443 3796 472 3856 7.

416 3911 430 3953 2
444 3911 482 3972 V.
498 3907 634 3989 Hesychii
647 3908 730 3986 Lex„
744 3918 766 3968 t.
782 3926 804 3986 1,
820 3925 849 3988 p.
865 3906 937 3983 759,
950 3917 979 3968 et
992 3918 1015 3969 t.
1033 3925 1068 3984 ιι,
1093 3926 1121 3988 p.
1145 3909 1212 3970 ⁴35.
1235 3909 1321 3969 Hune
1343 3879 1462 3969 lluvium

377 3995 678 4151 giteztvimaassppellahaut
691 3994 825 4060 Gaditani
841 4014 849 4057 ε
867 3993 945 4074 Liv.,
961 4015 1068 4072 ιιιιιι,
1083 3997 1121 4058 22
1130 4016 1139 4074 ;
1160 3994 1250 4075 Plin,
1266 3998 1305 4058 H.
1321 4015 1367 4073 re,
1381 4015 1427 4073 ιιι,
1445 3997 1456 4057 l

456 4136 464 4167 ,
522 4134 529 4148 .

399 4207 431 4282 ,9
443 4205 638 4279 Quatremdre,
652 4203 743 4263 didm.
759 4216 815 4262 sur
834 4199 863 4260 le
873 4215 955 4279 pays
975 4197 1113 4279 d'Oplrir.
1145 4179 1268 4282 Volney,
1298 4201 1463 4266 Nouvelles

377 4287 555 4404 forestes
567 4307 624 4354 sur
636 4288 788 4357 l'itistoire
802 4289 963 4364 ancienne,
978 4307 1000 4363 1,
1017 4307 1045 4369 p.
1059 4288 1114 4350 tet
1135 4300 1163 4350 et
1179 4307 1206 4370 p.
1221 4293 1288 4354 ete.
