3546 5454
734 601 924 670 -61-

297 758 409 840 patum
441 751 496 822 sit.
526 749 622 834 Quod
651 748 787 841 alicujus
821 750 1012 822 auctoritate
1041 747 1291 839 comprobatum
1315 758 1377 832 est,

295 874 358 948 hoc
370 884 526 967 unquam
541 875 656 968 agendi
673 895 789 946 norma
806 875 855 945 fit.
872 875 917 944 Ex
934 874 1030 944 variis
1044 874 1204 946 orationis
1223 895 1283 966 pro
1310 873 1380 945 uara

294 998 339 1070 bo
355 1000 575 1073 locisconstat
594 999 728 1083 fundos
752 1000 819 1072 sive
847 999 1036 1084 foederatos,
1068 999 1135 1072 sive
1163 999 1283 1083 socios,
1315 1000 1381 1071 sivo

296 1123 531 1198 liberosiuisse
559 1125 672 1210 iactos,
694 1126 751 1217 qui
776 1125 902 1218 legibus
928 1125 1097 1209 Romanis,
1130 1145 1211 1216 quas
1238 1124 1380 1198 adscive-

283 1257 384 1348 rant,
407 1249 564 1339 parebant
589 1248 695 1340 iisque
712 1245 915 1319 utebantur1
934 1270 943 1317 ε
981 1246 1133 1320 «Votum
1150 1249 1225 1330 hoe,
1239 1249 1380 1340 judices,

297 1371 331 1442 in
346 1393 384 1444 aa
399 1371 461 1443 fuit
477 1373 621 1463 positum
648 1390 779 1462 semper
807 1371 931 1442 ratione
945 1380 1044 1462 atque
1060 1372 1221 1442 sententia
1235 1380 1286 1455 ut,
1307 1391 1382 1444 cum

296 1495 450 1587 jussisset
466 1498 607 1586 populus
622 1497 789 1568 Romanus
802 1495 940 1588 aliquid,
963 1494 991 1566 si
1015 1495 1049 1566 id
1072 1495 1284 1568 adscivissent
1303 1497 1383 1569 socii

300 1620 482 1712 populique
511 1620 626 1703 latini,
657 1628 691 1692 et
721 1619 749 1689 si
780 1638 818 1691 ea
847 1619 912 1703 lex,
944 1641 1042 1712 quam
1069 1642 1129 1693 nos
1158 1621 1381 1705 haberemus,

301 1717 415 1816 eadem
445 1744 477 1814 in
510 1745 633 1836 populo
670 1744 780 1836 aliquo
811 1753 965 1836 tanquam
995 1745 1028 1814 in
1060 1745 1383 1829 iundo‘resedisset

299 1874 337 1938 ut
358 1875 429 1936 tum
445 1866 515 1958 lege
541 1865 656 1936 eadem
678 1866 706 1936 is
728 1867 871 1958 populus
889 1875 1056 1937 teneretur
1069 1864 1096 1936 2.
1127 1895 1142 1934 ›
1178 1865 1274 1950 Quod
1302 1867 1385 1938 acci·

301 1990 378 2062 dere
399 1991 506 2082 potnit
536 1991 662 2062 duabus
680 1991 720 2061 de
748 1991 867 2075 censis,
887 1993 1008 2065 scilicet
1038 2013 1112 2065 cum
1128 1993 1216 2085 epod
1244 1995 1385 2085 populos

298 2113 488 2197 ioederatos,
515 2114 565 2186 vel
584 2115 704 2197 socios,
735 2116 784 2186 vel
814 2115 950 2199 liberos,
984 2117 1073 2187 nulla
1100 2118 1150 2187 lex
1173 2117 1213 2188 dc
1240 2137 1275 2188 re
1307 2137 1387 2208 qua·

300 2236 387 2327 piam
403 2237 467 2306 iata
479 2245 578 2321 esset,
594 2237 643 2307 uel
663 2256 736 2307 cum
753 2237 788 2321 ii,
808 2236 850 2309 ob
869 2237 1012 2329 aliquam
1038 2239 1222 2322 utilitatem,
1248 2241 1386 2330 patriam

300 2361 405 2452 legem
420 2359 629 2452 abrogassent
642 2359 931 2453 Romanorumque
945 2360 1171 2443 adscivissent,

350 2483 418 2555 Hoc
432 2492 501 2554 erat
516 2483 628 2553 liberae
644 2484 779 2554 civitatis
792 2494 890 2576 atque
907 2487 977 2578 ejus
1001 2506 1164 2558 consensu
1198 2487 1406 2576 permittan·¹
1449 2474 1451 2479 ’

300 2609 453 2700 tibu'sque
468 2609 623 2679 Romanis
637 2608 747 2680 fiebat.
759 2609 864 2680 Hodie
874 2630 965 2694 nero,
992 2631 1073 2702 quas
1086 2611 1253 2695 volumus,
1285 2620 1390 2683 exter·

302 2752 361 2802 nas
372 2730 459 2822 leges
474 2729 654 2800 adsciscere
667 2747 858 2819 possumus,
870 2738 904 2800 at
916 2730 1082 2820 proprias,
1100 2750 1165 2801 non
1182 2750 1388 2812 communes,

301 2855 483 2940 reddimus,
500 2864 537 2925 nt
558 2852 724 2946 quondam
750 2853 880 2924 Solonis
895 2854 996 2946 leges,
1015 2875 1097 2947 quas
1116 2875 1173 2946 per
1189 2839 1390 2926 decemviros

304 2980 482 3071 descriptas
496 2979 610 3062 voluit,
631 2989 668 3049 nt
692 2979 856 3049 nauticam
886 2979 1089 3050 Rhodiorum
1120 2981 1238 3073 legem,
1271 2989 1308 3050 ut
1335 2979 1389 3070 jus

302 3105 409 3177 fetiale
427 3105 467 3176 ab
485 3103 662 3197 AEqnicoiis
681 3104 821 3195 petitum
848 3107 1015 3196 usurpavit
1036 3104 1178 3196 populos
1207 3105 1387 3176 Romanus.

303 3228 365 3299 Ast
382 3251 420 3300 ea
437 3228 497 3300 tuit
514 3229 738 3298 Romanorum
762 3228 929 3319 snperbia,
950 3231 975 3300 is
989 3250 1124 3301 suarum
1151 3248 1261 3299 rernm
1281 3249 1390 3310 amor,

304 3363 342 3425 ut
357 3353 497 3446 legibus,
523 3351 574 3424 nel
602 3351 711 3444 lingua
725 3371 785 3424 sua
800 3353 848 3425 uti
863 3374 930 3425 non
949 3374 1064 3425 omnes
1087 3355 1229 3446 populos
1253 3352 1388 3424 sineret.

304 3477 379 3569 lpse
395 3478 543 3570 quidem,
570 3496 653 3569 quos
680 3477 811 3561 vicerat,
834 3476 912 3548 dens
941 3477 975 3548 in
1006 3475 1127 3569 templa
1153 3462 1212 3549 sna
1239 3475 1391 3547 introdu-

305 3601 417 3686 cebat,
452 3599 510 3672 sed
537 3599 616 3670 nihil
646 3601 719 3686 sni,
749 3600 827 3670 nihil
858 3600 982 3690 proprii
1012 3599 1073 3670 sibi
1115 3598 1187 3671 iacti
1218 3619 1293 3672 cum
1322 3600 1392 3671 aliis

305 3744 479 3797 commune
512 3743 583 3798 esse
615 3725 755 3810 sinebat,
792 3724 854 3795 nisi
884 3723 972 3816 quod
1005 3723 1163 3796 beneficio
1196 3743 1389 3824 concessum

349 4060 416 4148 1De
429 4077 596 4168 municipiis
610 4085 685 4148 idem
699 4083 756 4148 diei
771 4098 877 4168 potest3
905 4043 943 4149 V
970 4083 1062 4167 legem
1081 4085 1188 4150 Juliam
1204 4085 1239 4149 de
1265 4083 1404 4166 ciuitate.

309 4175 384 4257 apud
398 4174 519 4253 Giraud,
534 4177 612 4239 Nov.
629 4175 780 4258 Eacb.‚p.
798 4179 867 4238 6i6.
1014 4181 1016 4188 ·
1075 4179 1077 4188 ’
1401 4173 1404 4178 -

348 4314 362 4354 ⁹
375 4314 436 4373 Pro
450 4312 557 4392 Balbo,
572 4333 639 4390 v111,
657 4315 706 4376 20.
