3546 5454
790 646 971 715 ..55-

335 794 497 886 quidquid
514 795 678 885 superbiae
689 795 851 878 ollioeret,
870 814 930 885 pro
963 805 1031 865 rato
1061 794 1303 866 nonbabebat.
1334 792 1415 866 Cum

219 987 222 992 .
333 919 424 990 riotis
453 917 593 990 libenter
620 919 734 1011 agebat
762 928 859 1011 atquo
894 919 955 1000 eis,
986 929 1023 988 ut
1054 919 1124 1008 ipse
1153 918 1272 1002 aiebat,
1305 939 1415 1010 paoem

335 1043 446 1116 dabat.
473 1039 557 1116 Cum
588 1063 663 1115 voro
695 1045 831 1115 comiter
852 1043 966 1134 populi
994 1043 1132 1114 Romani
1163 1044 1313 1134 majestas
1342 1065 1419 1116 oon-

337 1169 609 1251 serrandaesset,
626 1187 702 1240 oum
717 1168 849 1239 eosdem
879 1167 990 1238 hostes
1021 1176 1053 1238 et
1078 1167 1198 1238 amieos
1229 1167 1348 1239 babere
1374 1169 1421 1239 eis

333 1294 571 1386 injungeretur,
603 1293 728 1384 speeies
759 1301 886 1364 tautum
919 1292 1088 1383 potestatis
1118 1311 1154 1363 ao
1184 1292 1343 1364 libertatis
1382 1311 1418 1363 re

334 1437 413 1491 vera
430 1419 539 1490 relicta
553 1415 661 1490 erat1.
692 1416 754 1489 Ubi
769 1418 857 1488 euim
872 1437 946 1488 oum
970 1416 1085 1488 AEtolis
1114 1416 1232 1508 agitur,
1262 1415 1318 1487 eis·
1337 1415 1420 1486 iudi·

334 1540 606 1612 oiturutbellum
623 1540 692 1628 sino
709 1559 801 1611 mora
830 1559 906 1611 oum
938 1539 1089 1629 Philippo
1118 1536 1304 1621 babeant&
1335 1538 1420 1608 Rbo-

335 1665 397 1736 diis
413 1673 551 1735 utuntur
566 1665 607 1735 ad
624 1663 855 1736 debellandum
877 1662 1075 1734 Antiochum
1101 1672 1198 1754 atque
1223 1663 1336 1734 eadem
1366 1681 1417 1732 ra·

334 1791 422 1861 tione
436 1797 541 1859 totum
555 1796 717 1860 terrarum
735 1788 849 1859 orbem
868 1786 1078 1858 submittunt.
1096 1784 1130 1855 Si
1148 1805 1259 1879 paoem
1282 1781 1415 1856 Cartba-

335 1914 551 2006 ginieusibus,
583 1923 640 1986 aut
665 1914 829 2004 Pbilippo,
860 1922 916 1984 aut
941 1911 1013 1983 aliis
1043 1911 1149 1982 datam
1178 1911 1265 2001 apud
1294 1909 1419 1981 Livium

335 2034 547 2126 requirimus,
566 2033 696 2106 easdem
713 2035 801 2126 leges
826 2033 893 2105 lere
923 2052 1052 2122 semper
1075 2032 1282 2102 invenimus:
1300 2051 1415 2124 argen-

334 2168 418 2242 tum,
433 2178 536 2243 arma,
554 2178 650 2229 naves
666 2158 739 2230 riuti
753 2157 895 2240 tradant,
914 2177 955 2227 uo
984 2166 1116 2227 senatus
1134 2155 1262 2248 injussu
1292 2156 1416 2228 bollum

333 2292 458 2376 gerant,
476 2284 584 2374 itaquo
598 2303 637 2352 ox
652 2281 815 2365 hostibus,
831 2280 857 2352 si
874 2283 991 2371 placet,
1010 2281 1088 2352 sooii
1103 2281 1182 2350 fiant
1195 2279 1221 2350 ³.

383 2407 507 2479 liberae
522 2407 663 2479 civitates
678 2423 830 2499 αὐτονομίᾳ,
859 2406 985 2500 legibus
1012 2415 1044 2478 et
1066 2405 1307 2498 magistratibus
1321 2415 1416 2478 uten-

333 2541 397 2614 tes,
426 2530 566 2621 bospitia
593 2530 834 2622 magistratibus
864 2519 1092 2621 militibusque
1118 2530 1274 2600 Romanis
1291 2530 1416 2620 praebe-

333 2654 412 2724 bant
445 2675 453 2722 ε
486 2653 572 2724 baud
604 2673 676 2722 raro
705 2653 746 2723 ad
778 2653 998 2725 ordinandum
1033 2652 1210 2724 liberarum
1253 2653 1416 2724 civitatum

332 2789 453 2850 statum
488 2780 611 2870 legatus
643 2779 847 2848 mittebatur.
877 2777 955 2848 Post
986 2777 1184 2849 debellatum
1220 2788 1416 2870 captumque

333 2923 443 2996 regem
461 2903 580 2974 Persea
596 2901 781 2974 Macedonia
797 2905 829 2973 in
858 2911 999 2994 quatuor
1016 2911 1125 2993 partes
1143 2903 1244 2973 divisa
1272 2913 1334 2984 est,
1369 2912 1413 2982 ot,

335 3049 523 3122 quanquam
548 3029 681 3099 libertas
710 3029 874 3099 civitatum
893 3028 1101 3118 pronuntiata
1117 3037 1179 3110 est,
1200 3037 1289 3098 extra
1315 3027 1418 3118 regio·

335 3154 388 3223 nis
403 3173 470 3224 suae
487 3153 570 3225 fines
585 3153 708 3223 nemini
730 3151 932 3223 connubium
958 3170 995 3221 ao
1026 3151 1256 3223 commertium
1287 3151 1416 3223 licebat.

333 3273 460 3345 Metalla
487 3295 620 3367 quoque
650 3275 721 3345 auri
744 3285 776 3346 et
803 3275 927 3367 argenti
956 3276 1098 3348 exerceri
1132 3296 1198 3347 non
1216 3285 1417 3366 potuerunt,

336 3399 412 3470 lerri
431 3408 557 3470 tantum
579 3409 612 3471 ot
626 3402 721 3484 aeris;
751 3402 816 3472 sale
844 3401 969 3471 inrecto
1000 3419 1065 3470 uon
1085 3401 1141 3470 'uti
1158 3401 1356 3490 permissum
1372 3409 1422 3472 est

334 3522 560 3615 tributumque
582 3525 754 3596 dimidium
783 3525 867 3616 ejus,
897 3524 986 3617 quod
1015 3524 1244 3616 pependerant
1267 3524 1413 3616 regibus,

335 3648 458 3738 populo
482 3668 617 3721 romano
650 3670 764 3723 rursus
795 3651 940 3742 pendere
969 3651 1077 3723 eonati
1105 3660 1184 3722 suut
1197 3647 1222 3720 ⁴.
1254 3649 1421 3721 Publiceni

377 3947 386 3989 1
403 3944 610 4025 Montesquieu‚
627 3947 661 4008 G.
678 3953 706 4008 et
719 3950 804 4025 Deo,
820 3966 846 4008 o.
864 3952 906 4014 6..

373 4049 477 4128 ltin,
496 4069 577 4130 xxvi,
594 4054 645 4115 bl.

374 4159 388 4200 ³
403 4158 465 4220 biv.
471 4205 481 4236 ,
497 4178 567 4237 xxx,
583 4158 643 4236 373
676 4177 781 4236 ιιιιιιιι,
795 4161 843 4220 30.

374 4263 451 4326 tad
466 4264 542 4340 Act,
560 4267 701 4342 v1,b,t;
718 4265 809 4346 bip,
826 4267 1020 4340 Desertorem,
1037 4264 1056 4325 l.
1075 4284 1119 4343 ιιι,
1135 4268 1152 4345 §
1169 4269 1225 4343 l3;
1260 4265 1334 4328 Plin.
1346 4265 1418 4346 Ep„

337 4373 403 4431 rur,
420 4356 480 4433 243
507 4355 584 4430 Lim,
600 4375 670 4433 xnv,
687 4357 733 4432 l8,
751 4357 800 4416 29.
832 4419 836 4428 ,
