3546 5454
857 609 1020 682 “¹26-

397 756 434 830 ln
463 774 594 830 summa
624 773 736 829 rernm
765 755 953 830 difficultate
982 759 1253 850 proponebantur
1280 781 1298 831 a
1324 760 1481 834 Romanis

396 881 531 976 praemia
552 900 695 966 summa,
728 883 849 975 quibus
879 884 985 955 socios
1015 885 1054 954 ad
1085 885 1256 957 subeunda
1281 906 1341 978 pro
1370 889 1480 978 reipu-

395 1007 488 1079 blicae
501 1006 606 1077 salute
629 1005 773 1095 pericula
801 1005 979 1076 allicerent.
1007 1006 1126 1079 Balbus
1157 1008 1267 1100 igitur,
1299 1008 1480 1082 Gaditanus

396 1131 530 1214 nobilis,
552 1130 593 1200 ob
610 1127 747 1221 insignia
774 1130 809 1200 ,in
841 1130 1088 1220 Bempublicam
1117 1134 1246 1220 merita,
1273 1156 1292 1205 a
1324 1118 1480 1226 Pompeio

395 1259 521 1332 civitate
540 1256 681 1326 donatus
695 1263 757 1325 est.
773 1255 835 1340 Qui
855 1255 987 1348 quidem
999 1256 1082 1328 ciuis.
1092 1277 1247 1330 romanus
1272 1259 1388 1342 tactus,
1413 1281 1481 1332 uon

392 1404 412 1454 a
438 1382 595 1473 Pompeio
621 1379 721 1450 modo
738 1381 933 1453 amicissime
950 1391 998 1454 est
1025 1383 1168 1468 babitus,
1190 1386 1248 1457 sed
1278 1385 1312 1456 in
1340 1383 1482 1458 Coesaris

393 1526 529 1601 quoque
560 1504 810 1578 familiaritatem
849 1526 921 1578 sese
959 1506 1134 1578 insinuavit
1164 1517 1197 1580 et
1228 1529 1343 1581 eorum
1381 1512 1480 1602 gratia

393 1632 513 1724 opibus
527 1630 617 1702 breui
632 1631 667 1700 in
685 1629 754 1702 dies
770 1630 881 1702 creuit.
916 1629 995 1721 EJ‘us
1011 1630 1111 1716 invidi
1128 1629 1332 1722 Romanique
1352 1632 1404 1702 isti
1424 1632 1481 1722 qui

393 1757 605 1838 calamitates,
624 1775 698 1846 qua
716 1762 827 1845 postea
843 1775 882 1825 ex
896 1754 1043 1845 Pompeii
1064 1751 1266 1846 Caesarisque
1286 1756 1325 1826 de
1340 1755 1480 1846 imperio

394 1881 574 1956 certamine
595 1891 675 1952 ortae
704 1890 794 1965 sunt,
822 1881 888 1972 jam
917 1880 1151 1973 praesagiebant
1181 1871 1422 1974 cupieba'ntque
1444 1903 1482 1954 ac

393 2007 565 2098 parabant,
585 2005 763 2077 effecerunt
779 2014 814 2074 ut
828 2003 1007 2075 Gaditanus
1022 2006 1069 2074 uir
1084 2005 1216 2096 quidam
1239 2003 1274 2074 L.
1292 2001 1480 2077 Cornelium

393 2130 531 2206 Balbum
561 2137 727 2200 accusaret
754 2137 952 2221 negaretque
975 2128 1077 2201 ciuem
1100 2149 1172 2201 esse
1200 2150 1386 2200 romanum.
1419 2129 1481 2214 Qui

392 2255 527 2349 quidem
558 2253 775 2328 contendebat
804 2254 918 2344 populi
944 2252 1095 2325 Gaditani
1124 2253 1251 2345 injussu
1284 2253 1480 2326 Gaditanum

391 2400 592 2474 quemquam
609 2380 712 2451 ciuem
728 2397 902 2448 romanum
918 2378 989 2450 fueri
1004 2398 1071 2449 non
1093 2397 1201 2470 posse.

439 2532 515 2603 Haeo
529 2529 690 2602 accusatio
704 2527 840 2599 minime
854 2524 914 2607 Cn,
945 2527 1102 2620 Pompeio
1126 2533 1312 2620 spernenda
1328 2534 1480 2626 acnegli-

388 2657 496 2753 genda
511 2655 580 2728 uisa
610 2653 685 2740 luit,
704 2653 859 2746 quoniam
877 2653 1036 2746 quidquid
1053 2653 1086 2724 in
1105 2675 1211 2740 reum,
1232 2657 1293 2728 luto
1309 2657 1341 2727 in
1358 2678 1393 2729 se
1412 2658 1481 2730 dici

390 2789 521 2874 putaret
530 2803 543 2866 3
572 2780 682 2872 itaque
698 2796 757 2869 pro
774 2777 874 2848 Balbo
890 2797 1020 2848 causam
1035 2778 1137 2848 orauit
1151 2787 1249 2870 atque
1278 2779 1376 2851 etiam
1405 2781 1482 2851 bor-

391 2914 477 2980 tatus
494 2911 544 2976 est
557 2903 602 2978 M.
620 2898 773 2974 Crassum
789 2909 821 2972 et
834 2898 1025 2973 Ciceronem
1041 2909 1078 2972 ut
1093 2902 1244 2974 clientem
1259 2903 1319 2994 ipsi
1345 2925 1480 2998 quoque

388 3026 614 3119 defenderent.
631 3023 740 3095 Tertio
758 3023 855 3116 igitur
869 3023 940 3094 loco
966 3042 1069 3094 causae
1087 3022 1314 3095 defensionem
1330 3026 1480 3116 suscepit

390 3149 516 3222 Tullius
535 3158 634 3241 atque
649 3147 830 3219 orationem
845 3148 889 3217 ita
906 3146 1045 3239 peritam
1069 3157 1102 3218 et
1127 3149 1335 3241 eloquentem
1364 3149 1482 3222 habuit

389 3279 427 3344 ut
440 3270 478 3342 L.
495 3270 614 3344 Balbus
628 3271 799 3344 absolutus
814 3271 925 3343 fuerit.

439 3423 515 3494 Haeo
529 3441 625 3494 causa
638 3418 701 3493 Cn.
719 3419 871 3494 Cornelio
886 3421 1024 3494 Lentulo
1042 3421 1227 3496 lllarcellino
1252 3433 1284 3496 et
1300 3424 1335 3516 L.
1358 3425 1480 3500 lllaroio

391 3545 542 3637 Philippo
558 3567 645 3620 coss.
670 3567 701 3618 a.
733 3549 816 3631 698,
841 3547 944 3619 aetatis
970 3543 1138 3620 Ciceronis
1166 3569 1198 3618 a.
1230 3552 1289 3633 ol,
1319 3558 1389 3621 acta
1413 3558 1476 3622 est.

391 3672 515 3745 Eodem
545 3692 647 3757 anno,
680 3649 717 3743 P.
751 3671 894 3744 Sestium
923 3693 942 3742 a
969 3671 1012 3742 Μ.
1042 3670 1148 3743 Tullio
1174 3670 1379 3744 Albinouano
1410 3675 1480 3765 lege

390 3793 518 3867 Lutatia
532 3794 573 3866 de
587 3795 617 3864 vi
636 3795 837 3885 postulatum
854 3793 999 3865 defendit
1016 3791 1150 3878 Cicero,
1167 3794 1348 3877 Vatinium,
1362 3794 1478 3866 falsum

390 3927 531 4002 testem,
566 3927 724 4009 perpetua
746 3918 999 4011 interrogatione
1031 3919 1261 4010 reprehendit,
1296 3920 1479 3990 orationem

392 4041 433 4114 de
447 4043 658 4134 haruspicum
674 4060 834 4133 responso
848 4051 893 4126 et,
914 4043 1115 4134 paulopost,
1147 4044 1192 4114 de
1212 4042 1384 4133 prouinciis
1401 4063 1480 4113 con·

392 4167 557 4240 sularibus
571 4166 681 4251 habet,
706 4175 874 4257 postremo
888 4165 933 4236 lt.
951 4164 1092 4241 Coelium
1108 4167 1148 4238 de
1167 4187 1248 4238 auro
1264 4159 1353 4262 qnod
1369 4189 1388 4238 a
1402 4164 1478 4238 Clo·
