3546 5454
845 571 1038 644 ‚eo-

394 715 538 802 nonditic
552 716 748 808 nearent,
773 738 851 798 orm
876 719 960 796 liber
987 727 1045 790 aut
1073 717 1267 804 lmderatus,
1287 726 1346 788 aut
1374 718 1481 790 socius

394 839 525 914 dicitur.
561 841 783 936 Quamobrem
813 845 954 932 fundum
985 843 1147 936 populum
1174 845 1255 934 piem,
1290 841 1478 928 heudone,

393 964 506 1054 dicunt
525 969 663 1045 anmni
678 970 873 1062 scripturas.
896 969 940 1042 Ut
959 969 1183 1042 Romanarum
1209 967 1319 1062 legum
1337 969 1480 1060 populus

391 1092 589 1190 aliquisfieri
605 1094 729 1178 fundus
743 1095 971 1188 pessit,illum
994 1093 1136 1166 liberum
1156 1093 1225 1186 jam
1240 1115 1301 1164 esse
1329 1101 1493 1192 oportet„

391 1195 614 1324 sivesocium3
636 1221 704 1306 sive
721 1219 932 1310 loederatum,
961 1218 1028 1291 sire
1056 1217 1148 1292 nullo
1176 1217 1302 1292 loedere
1327 1219 1480 1312 conjunc·

390 1350 473 1432 tum,
489 1343 549 1432 Est
563 1345 654 1432 euim
669 1345 784 1420 liberae
797 1344 935 1424 ciuitatis
957 1342 1111 1432 instituta
1144 1365 1220 1437 quae
1247 1343 1324 1418 uelit
1352 1351 1480 1416 mutare

388 1477 445 1540 aut
459 1468 686 1562 comprobare.
716 1469 892 1563 Municipia
914 1489 1061 1564 quoque,
1082 1489 1156 1563 qua
1173 1469 1296 1562 pariter
1320 1489 1358 1542 ac
1384 1468 1479 1543 liberi

389 1593 507 1686 pupuli
521 1613 583 1668 suo
599 1595 675 1698 jure
701 1595 893 1682 utebantur,
924 1593 1152 1668 Romanorum
1181 1593 1270 1686 leges
1298 1593 1480 1666 adsciscere

388 1695 553 1814 poterant,
571 1718 682 1794 Nullis
693 1720 961 1806 necessitatibus,
981 1727 1019 1792 ut
1046 1719 1093 1790 ait
1112 1717 1250 1802 Gellius,
1279 1739 1387 1812 neque
1412 1719 1479 1804 ulla

387 1844 457 1950 lege
473 1845 619 1922 adstricti
633 1845 820 1938 municipes
832 1853 924 1929 sunt,
941 1846 1005 1920 nisi
1019 1846 1055 1918 iu
1070 1863 1170 1936 quam
1193 1845 1335 1936 populus
1361 1863 1477 1916 eorum

348 2041 351 2046 Δ
389 1966 512 2050 [nudus
539 1968 644 2056 ipatus
675 1966 764 2049 est&
796 1967 844 2040 llr
871 1969 942 2063 lege
971 1969 1057 2042 iulia
1082 1967 1284 2058 municipali,
1316 1987 1415 2060 quem
1443 1968 1476 2038 in

387 2093 500 2172 tabula
511 2093 720 2182 Heracleensi
737 2093 927 2186 inscriptam
943 2094 1118 2180 hebemus,
1139 2093 1288 2166 uidemus
1318 2093 1478 2176 uniuersis

386 2207 824 2312 municipiisecpraesertim
845 2219 1034 2311 municipiis
1054 2217 1223 2304 fundenis,
1254 2219 1321 2290 sive
1350 2216 1474 2301 lundis,

382 2343 461 2435 jura
471 2344 542 2416 dari
563 2365 662 2442 posse
674 2348 715 2420 de
732 2347 807 2434 riis,
838 2347 879 2420 de
907 2367 1022 2430 censu,
1043 2347 1359 2439 magistratuumque
1387 2365 1475 2420 crea·

386 2469 738 2563 tioneetquibusdam
763 2469 876 2544 aliis2.
908 2471 1083 2562 Municipia
1111 2470 1255 2541 fundana
1280 2470 1351 2542 sine
1374 2469 1475 2542 dubio

384 2591 556 2683 pleraeque
571 2592 660 2684 leges
675 2593 902 2672 Romanorum
918 2590 1121 2662 adsciverant
1136 2598 1169 2661 et
1192 2609 1267 2660 cum
1295 2587 1474 2679 majoribus

383 2714 420 2784 in
445 2715 515 2789 dies
545 2716 718 2808 privilegiis
746 2717 790 2788 ad
821 2717 984 2790 civitatem
1015 2715 1228 2788 obtinendam
1256 2713 1471 2818 fruerentur,

384 2841 476 2913 iacile
500 2841 586 2933 leges
615 2841 719 2914 Roma
745 2841 948 2933 accipiebant
978 2861 1015 2912 ac
1044 2829 1314 2930 comprobabant.
1344 2836 1473 2910 Sensim

382 2968 558 3059 municipia
595 2989 671 3056 cum
709 2969 846 3042 coloniis
885 2967 1183 3041 confundebantur.
1230 2965 1275 3044 At
1311 2965 1472 3057 principio

378 3093 454 3184 jure
467 3094 680 3186 institutaque
694 3095 805 3170 emnia
831 3095 942 3187 populi
974 3094 1127 3175 Romani,
1158 3113 1225 3163 neu
1255 3090 1306 3162 sui
1329 3089 1468 3170 arbitrii,

382 3219 731 3306 habueruntcol'nniae,
761 3241 835 3313 quae
863 3219 956 3312 quasi
989 3237 1007 3288 e
1040 3217 1166 3289 civitate
1197 3221 1382 3307 propagatae
1400 3213 1472 3286 lue

381 3353 480 3428 runt;
498 3343 821 3435 manduessedum,
838 3342 985 3434 quamuis
1001 3342 1139 3414 Romani
1170 3342 1237 3414 sint
1265 3339 1388 3431 saepius
1399 3358 1471 3430 ,ap-

380 3465 731 3562 pellati,suislegibns
752 3485 868 3547 acano
888 3468 963 3560 jure
993 3468 1156 3541 vixerunt.
1185 3465 1299 3556 ltaque
1326 3463 1360 3534 in
1390 3482 1471 3558 quas

380 3594 497 3670 rellerrt
527 3595 692 3680 Romanas
724 3594 840 3688 tepet,
873 3591 1140 3685 permittentibus
1172 3588 1343 3673 Romanis,
1376 3565 1471 3660 tuidi

378 3716 501 3809 stabam
516 3719 701 3812 penelopes
714 3739 809 3813 apua
832 3739 870 3804 ac
886 3717 984 3792 ceteri
1014 3716 1129 3808 populi
1157 3714 1266 3788 iberi.
1296 3713 1335 3788 ln
1365 3733 1470 3788 annos

424 4082 434 4126 1
450 4101 510 4161 rvr,
526 4083 574 4160 ld,
590 4087 619 4143 6.

423 4214 570 4294 auriand,
598 4216 676 4276 Neo.
707 4210 817 4290 Eucb„
842 4229 872 4292 p.
899 4210 1046 4280 clueat.
1082 4205 1156 4273 Vide
1183 4217 1297 4288 quoquo
1326 4203 1466 4284 buculi,

390 4307 507 4367 Comm.
523 4306 557 4366 ic
572 4302 691 4365 tubulos
705 4300 933 4388 Heracleensem,
950 4297 1082 4380 Neapoli,
1099 4297 1187 4375 tibi,
1202 4296 1285 4358 in-lr.
