3546 5454
542 556 546 563 '
664 576 924 644 .--es-

303 727 469 802 contendit
498 734 596 817 atque
624 733 727 818 negat
747 725 871 798 foedere
885 725 951 796 ullo
969 723 1120 815 impediri
1135 745 1231 818 posse
1247 729 1382 802 civitatis

304 853 703 938 mutationem-lumbeca
728 873 862 945 quoque
890 852 970 924 mihi
995 851 1217 926 videturesse
1244 856 1380 942 dictum,

307 979 554 1072 quodquidam
582 979 696 1051 attinet
723 979 765 1049 ad
791 978 845 1068 jus
871 978 1068 1048 Romanum.
1097 974 1234 1052 «Nemo
1264 981 1383 1054 inritus
1476 995 1480 1000 '

273 1175 278 1182 ,
307 1105 340 1174 in
357 1104 483 1176 ciuitate
499 1109 673 1187 mereata
708 1104 760 1175 lex
781 1102 826 1173 ait
851 1125 860 1171 z
891 1095 1010 1194 cuique
1025 1102 1122 1196 igitur
1144 1104 1177 1175 in
1193 1106 1384 1178 *Romanam

308 1230 468 1302 civitatem
482 1229 592 1302 venire
605 1229 693 1313 iicet,
713 1227 892 1300 dummodo
906 1227 1093 1319 recipietur.
1123 1228 1253 1304 Falsum
1281 1229 1383 1317 idem,

308 1353 455 1452 quod-ad
469 1361 621 1427 externos
635 1351 790 1444 pertinet,
809 1360 907 1444 atque
932 1353 1121 1444 exceptione
1151 1353 1185 1425 in
1208 1335 1386 1428 [redonibus

258 1559 260 1564 ,
308 1477 837 1571 scriptateneriRomauosputo.
901 1493 903 1496 ·
1028 1491 1030 1494 ·
1371 1503 1374 1550 ῑ

318 1645 322 1650 -
356 1601 394 1677 ld
407 1623 483 1675 vern
498 1611 646 1674 notatum
663 1603 772 1686 veiim,
792 1621 900 1673 errare
914 1621 971 1673 eos
999 1601 1055 1692 qui
1084 1601 1276 1703 existiment
1296 1604 1389 1677 aliter

308 1749 328 1799 a
343 1726 511 1811 Cicerone,
528 1726 620 1798 aliter
637 1724 761 1798 assaibi
776 1733 961 1798 accusatore
974 1723 1123 1815 explicari
1147 1727 1287 1816 populos
1316 1727 1389 1799 iun·

312 1851 381 1923 dos.
403 1848 516 1942 Neque
543 1851 631 1920 enim
662 1849 880 1941 reprehensus
905 1856 956 1920 est
990 1859 1159 1920 accusator
1188 1848 1277 1940 quod
1301 1849 1391 1942 igno·

311 1983 413 2047 nasset
427 1975 561 2068 quinam
576 1956 685 2047 essent
699 1972 812 2065 populi
830 1971 937 2055 fundi,
956 1971 1014 2042 sed
1042 1979 1169 2044 tantum
1187 1972 1274 2064 quod
1305 1973 1393 2045 dixe-

311 2109 361 2171 rat
377 2097 551 2172 feneratos
569 2098 710 2190 populos
738 2095 857 2168 fundus
885 2096 1038 2171 debuisse
1065 2097 1135 2167 fieri
1153 2104 1191 2167 ut
1217 2101 1325 2188 aliquis
1354 2119 1393 2170 ex

300 2241 427 2292 eorum
443 2219 566 2292 civibus
580 2222 613 2290 in
630 2220 811 2290 Romanam
826 2217 986 2290 civitatem
1004 2217 1141 2288 veniret.
1157 2217 1301 2312 Negabat
1327 2221 1393 2292 iau·

312 2353 383 2416 tum
399 2365 471 2417 esse
490 2337 650 2437 pupulum
672 2343 870 2414 Gaditanum
899 2341 1052 2424 fundum,
1085 2343 1118 2413 id
1148 2351 1210 2426 est,
1229 2353 1395 2417 auctorem

313 2487 349 2537 au
362 2466 618 2556 subscriptorem
633 2467 753 2538 decreti
768 2465 869 2547 iliius,
892 2484 957 2562 quo
971 2463 1130 2534 Baibusa
1154 2464 1325 2557 Pompeio,
1357 2487 1396 2538 ex

218 2677 228 2691 .
313 2589 498 2684 legeGelba
526 2590 651 2662 civitate
680 2591 818 2660 donatus
849 2596 931 2659 erat.
959 2587 995 2657 ld
1024 2608 1090 2658 nun
1119 2609 1252 2661 necesse
1283 2590 1394 2675 fuisse,

313 2724 350 2786 ut
366 2714 484 2786 Bnibus
499 2715 575 2785 civis
588 2715 754 2784 Romanus
781 2713 887 2796 fieret,
914 2713 990 2782 satis
1018 2711 1182 2804 eleganter
1207 2723 1239 2786 et
1269 2725 1393 2806 aperte,

184 2855 186 2862 ’
314 2840 402 2910 velut
414 2859 513 2930 supra
531 2840 687 2920 diximus,
705 2837 871 2929 judicibus
888 2836 1006 2928 probat
1019 2836 1159 2908 Tullius.

363 2962 436 3035 Non
451 2983 565 3035 omnes
582 2965 669 3054 teges
686 2961 801 3052 populi
815 2960 953 3031 Romani
969 2960 1207 3046 adsciscebant,
1226 2965 1283 3035 sed
1300 2985 1401 3036 unam

309 3098 372 3160 vaut
388 3089 536 3161 aiteram.
552 3085 705 3171 Quotidie
730 3085 818 3157 enim
841 3104 916 3155 cum
942 3085 1054 3156 Romae
1083 3087 1170 3180 leges
1201 3071 1292 3159 norae
1322 3089 1401 3160 scri·

315 3216 485 3296 berentur,
503 3212 649 3305 quotidie
667 3211 721 3302 jus
749 3229 870 3280 novum
901 3209 951 3280 bis
970 3211 1101 3301 populis
1129 3197 1255 3283 suisset.
1289 3211 1402 3304 ltaque

316 3337 430 3430 popuii
461 3336 555 3407 iundi
585 3355 693 3426 neque
723 3349 902 3425 coemptae,
933 3343 970 3404 ut
1000 3334 1139 3405 aestimat
1180 3333 1400 3418 Bulliaidus¹‚

315 3461 520 3543 amittebant,
541 3479 650 3550 neque
676 3467 768 3550 parta
792 3459 916 3530 foedere
942 3458 1074 3530 libertas
1106 3459 1153 3530 eis
1180 3458 1401 3543 adimebatur,

318 3555 407 3678 quod
425 3593 551 3656 tantum
569 3585 728 3655 civitatem
745 3584 927 3655 Romanam
940 3583 1068 3676 adeptis
1082 3584 1153 3656 fieri
1167 3594 1297 3677 poterat
1309 3583 1336 3654 2.

367 3710 563 3794 Quinetiam
592 3709 777 3780 ‹fundus›
809 3709 945 3808 verbum
975 3717 1095 3782 statum
1124 3712 1300 3802 quemdem
1317 3731 1402 3810 per-
1433 3782 1435 3786 .

319 3844 507 3908 manentem
523 3834 610 3907 haud
635 3834 806 3927 significat,
835 3854 874 3906 eo
902 3834 1000 3906 modo
1030 3855 1098 3926 quo
1126 3835 1241 3927 pupuli
1271 3836 1407 3928 alicujus

347 4191 349 4195 ⁴
364 4193 380 4246 t·
390 4197 476 4283 Apud
489 4189 597 4262 Graevii
610 4194 803 4276 Thesaurum,
819 4193 865 4260 loe
879 4196 929 4259 cit.

363 4305 476 4386 wip,
491 4305 527 4368 de
541 4303 658 4382 captiv.
672 4309 700 4365 et
710 4301 803 4382 posti.
822 4317 938 4364 reuma.
