3546 5454
727 631 915 704 ...35-

284 795 373 858 runt.
402 785 612 878 AEquiraro,
632 785 673 856 ob
700 783 856 856 auxilium
870 782 1026 856 aduersus
1051 781 1212 857 Samnites
1244 784 1359 868 latum,

285 912 359 1004 jure
374 911 497 1002 optimo
512 908 604 981 luere
617 906 642 980 ¹.

332 1061 414 1134 Cum
437 1061 613 1156 pugnando
642 1061 682 1133 ad
708 1061 868 1133 civitatem
897 1063 1066 1154 peruenire
1097 1063 1217 1136 lrustre
1244 1062 1362 1146 eonati,

286 1207 411 1278 saepen
438 1197 553 1259 senatu
582 1187 683 1278 partis
711 1185 848 1257 fraudati
877 1195 1015 1271 essent,
1047 1197 1121 1277 post
1151 1187 1363 1262 calamitatem

285 1313 382 1384 Drusi
406 1313 462 1405 qui
490 1311 584 1384 sotiis
613 1309 746 1383 civitatis
774 1311 828 1403 jus
858 1311 1070 1382 tribuendum
1096 1331 1168 1383 esse
1198 1311 1361 1398 censebat,

287 1457 373 1510 anno
390 1439 459 1508 ott
475 1446 506 1509 et
521 1437 727 1528 insequente,
752 1433 894 1516 Italicos,
924 1436 1069 1527 quamuis
1093 1435 1206 1520 rietes
1240 1436 1363 1508 ciuitate

290 1565 491 1636 donaverunt
504 1561 707 1653 Romanique
721 1561 788 1652 agri
804 1561 968 1654 privilegia
996 1563 1234 1638 communicata
1259 1572 1361 1635 sunt:

288 1685 375 1756 unde
388 1693 498 1755 ortum
510 1683 564 1774 jus
582 1682 724 1754 italicum
739 1680 765 1752 2.

337 1835 401 1906 Lex
415 1834 500 1905 iulia
514 1833 554 1905 de
571 1832 696 1904 civitate
713 1851 785 1904 eum
803 1833 897 1905 sotiis
913 1851 950 1905 ao
963 1832 1084 1905 Latinis
1098 1837 1366 1910 communicanda

289 1964 352 2034 lata
368 1970 448 2033 esta
464 1959 499 2028 L.
516 1958 601 2030 iulio
619 1955 746 2030 Caesare
767 1959 823 2049 qui
852 1957 963 2029 consul
993 1977 1066 2029 orem
1081 1957 1118 2028 P.
1137 1957 1258 2029 Rutilio
1272 1957 1364 2064 Lupo

291 2087 351 2159 luit
369 2107 400 2156 a.
421 2089 504 2156 eat.
534 2081 635 2176 llujus
662 2086 796 2177 quidem
823 2087 903 2180 legis
931 2087 993 2158 hoe
1010 2097 1105 2178 caput
1122 2089 1293 2162 eratutad
1310 2105 1365 2160 eos

289 2219 415 2282 tantum
430 2207 571 2300 populos
584 2207 854 2279 borbonefioium
874 2208 1053 2299 pertineret
1073 2211 1129 2302 qui
1153 2209 1270 2298 [now
1293 2210 1366 2282 laeti

293 2339 414 2416 essent,
431 2331 543 2416 idest,
574 2309 616 2402 ut
634 2332 775 2404 liberum
801 2339 885 2404 esset
914 2331 1030 2423 tuique
1059 2331 1221 2403 sociorum
1238 2331 1366 2403 Latino·

292 2475 432 2547 rumque
465 2454 581 2525 civitati
606 2464 717 2527 utrum
744 2457 839 2528 vellet
870 2457 930 2528 hoe
960 2455 1118 2526 benefitio
1148 2455 1196 2524 nti
1224 2455 1366 2528 neene4.

292 2577 383 2650 Multi
418 2576 514 2669 igitur
551 2575 782 2650 Heracleenses
811 2599 848 2649 aa
872 2577 1074 2669 Neapolitani
1108 2580 1168 2651 hoe
1197 2579 1369 2672 praemium

291 2709 499 2792 respuerunt.
534 2698 604 2770 iam
631 2719 662 2769 a.
697 2702 780 2784 627,
815 2700 977 2774 Samnites
1006 2721 1042 2772 ae
1072 2699 1193 2794 Peligni
1230 2710 1370 2794 quatuor

292 2825 393 2895 millia
412 2841 548 2896 suorum
564 2823 779 2914 repetierunt,
799 2824 856 2914 qni
876 2825 951 2915 jure
970 2824 1083 2896 latino
1106 2823 1260 2918 Fregellis
1285 2825 1371 2897 irue-

292 2948 435 3031 bautur,
467 2967 542 3018 mox
571 2946 730 3018 civitatem
764 2947 947 3038 pleniorem
989 2948 1120 3020 adituri.
1156 2949 1220 3020 Lex
1249 2949 1373 3020 Plautia

293 3073 451 3164 Papiriae
471 3073 516 3145 M.
535 3071 659 3144 Plautio
677 3071 805 3142 Siluano
835 3081 868 3143 et
890 3068 929 3141 C.
945 3071 1073 3164 Papirio
1091 3069 1239 3145 Carbone
1253 3071 1372 3148 Arvina

296 3196 359 3267 lata
373 3206 422 3269 est
436 3217 467 3268 a.
488 3201 572 3281 665,
589 3207 626 3268 ut
643 3217 771 3282 omnes,
793 3197 975 3289 quiessent
991 3218 1030 3269 ex
1047 3197 1213 3271 foederatis
1228 3199 1370 3291 populis,

296 3321 456 3396 ciuitatem
470 3321 650 3397 Romanam
667 3328 959 3414 consequerentur,
988 3321 1127 3396 simodo
1141 3321 1196 3394 illu
1211 3331 1372 3414 tempore,

339 3692 438 3756 1Noul
450 3709 526 3753 erues
541 3688 710 3772 plerumque
725 3687 755 3750 in
770 3686 872 3766 tribus,
888 3706 953 3769 quae
973 3687 1139 3770 suffragium
1167 3687 1276 3752 ultima
1303 3689 1378 3752 fere-

299 3781 376 3860 bant,
392 3779 634 3844 adscribebantur.
653 3780 690 3840 V.
709 3781 927 3855 L1V.‚nxxxur,
952 3780 990 3842 36
1005 3796 1039 3840 ae
1061 3778 1177 3860 passim,
1204 3778 1278 3863 apud
1292 3798 1377 3860 quem

300 3869 383 3933 multi
399 3869 507 3931 similes
517 3867 573 3931 loei
587 3867 697 3945 insunt,
714 3867 764 3930 ubi
778 3867 939 3930 decivitate
953 3861 1124 3948 acquirenda
1137 3867 1240 3947 agitur.

341 4001 429 4064 2Pro
442 3997 549 4080 Balbo,
565 4017 634 4078 vnn,
651 4000 702 4062 ll.

339 4134 353 4178 ³
368 4130 438 4198 Vide
453 4129 538 4193 inlra.

339 4263 449 4329 ⁴Goul.
466 4263 629 4344 sigonium,
645 4263 689 4325 De
703 4267 768 4324 ortt.
777 4262 844 4342 jur.
863 4260 934 4324 Ital.
