3546 5454
801 641 848 660 ..
875 605 920 674 68
947 641 992 656 ..

357 765 551 829 testamento
583 756 765 833 secundnm
795 757 884 829 illam
914 758 1018 848 legem
1057 757 1140 827 lacto
1168 764 1296 847 partem
1326 773 1443 846 capere

356 889 491 973 possent
507 888 604 972 atque
618 880 737 952 iterum
751 881 834 953 cives
850 881 1002 965 Romani,
1019 900 1058 951 ex
1075 880 1130 950 tali
1144 888 1340 951 testamento
1356 881 1444 971 apud
1575 947 1577 952 ,

360 1006 499 1076 iuudnm
537 1004 696 1096 populum
726 1005 871 1086 condito,
902 1004 1016 1076 eadem
1039 1004 1188 1075 facultate
1216 984 1441 1099 tenerentur&

358 1128 405 1200 lta
420 1128 457 1198 fit
472 1135 512 1196 ut·
525 1127 700 1218 aliquoties
711 1126 785 1219 jure
815 1126 897 1198 civili
914 1128 999 1198 inter
1018 1126 1181 1197 Romanos
1209 1136 1242 1197 et
1259 1127 1448 1218 peregrinos

351 1253 409 1346 egi
447 1250 576 1343 possit,
621 1252 710 1345 quod
727 1269 729 1276 ·
745 1251 889 1343 primum
919 1251 1040 1323 mirum
1066 1251 1207 1323 videtur.
1244 1252 1447 1324 Revocemus

281 1410 286 1420 ·
363 1385 471 1448 tamen
503 1374 536 1444 in
564 1375 756 1446 memoriam
790 1375 857 1446 hacc
885 1373 1014 1465 Ulpiani
1040 1373 1174 1445 rerba:
1209 1398 1225 1438 ‹
1253 1372 1447 1465 Mancipatio

361 1501 468 1572 locum
485 1498 597 1580 „habet
625 1498 713 1570 inter
740 1499 824 1571 cives
852 1499 1018 1570 Romanos
1044 1508 1077 1570 et
1102 1496 1235 1570 Latinos
1262 1499 1446 1574 colonarios

361 1623 558 1715 Latinosque
573 1623 745 1708 lunienos,
766 1643 888 1716 eosque
916 1625 1118 1716 peregrinos,
1138 1623 1258 1717 quibus
1286 1645 1447 1698 commer-

364 1750 450 1821 cium
466 1748 579 1819 datum
596 1756 646 1818 est
660 1743 686 1816 ².
716 1774 731 1811 u

403 1871 483 1942 Sine
500 1870 601 1942 dubio
621 1869 673 1941 hic
690 1871 730 1940 de
750 1870 880 1962 populis
896 1870 1006 1942 tundis
1026 1872 1144 1964 agitur.
1162 1873 1253 1946 Tunc
1271 1874 1450 1967 intelligere

363 2007 412 2070 est
440 2015 539 2088 quare
566 1996 652 2087 leges
692 1996 854 2069 Romanas
883 1995 1064 2066 adsciscere
1085 1995 1282 2068 heneficium
1309 2007 1400 2068 esset
1418 2006 1451 2069 et

372 2123 511 2194 cnrhaec
533 2120 733 2192 adsciscendi
761 2119 894 2192 incultas
921 2140 939 2189 a
971 2119 1126 2191 Romanis
1155 2122 1306 2213 petenda.
1334 2121 1451 2194 Nonne

366 2267 442 2320 vero
458 2266 589 2337 semper
606 2245 753 2316 omnium
784 2245 983 2336 populorum
1002 2244 1063 2315 luit
1091 2255 1206 2317 natura
1234 2247 1347 2320 eadem
1375 2249 1447 2320 aliis

366 2371 515 2444 conterre
532 2391 605 2462 quae
619 2370 681 2440 sibi
709 2365 943 2440 conferantur?
972 2365 1089 2440 Nonne
1105 2371 1193 2459 apud
1210 2387 1324 2442 omnes
1338 2381 1451 2464 gentes

366 2499 452 2590 leges
467 2505 593 2567 exstent
616 2495 735 2586 quibus
752 2503 867 2564 mutuo
888 2492 972 2565 cives
988 2501 1020 2565 et
1036 2496 1197 2588 peregrini
1208 2471 1260 2566 'uti
1277 2508 1397 2588 queant
1410 2497 1454 2570 ³?

412 2621 505 2692 Tunc
518 2641 650 2713 quoqne
666 2619 877 2712 intelligimus
902 2619 1078 2710 quamdam
1094 2620 1195 2692 luisse
1221 2621 1452 2708 alienationem
1468 2627 1470 2632 '

367 2744 521 2835 apopulo
539 2744 642 2814 iundo
660 2743 775 2814 tactam
798 2743 886 2813 illius
912 2742 993 2835 legis
1011 2762 1110 2834 quam
1138 2743 1285 2814 Romana
1307 2744 1454 2815 mutabat

368 2878 400 2940 et
432 2877 602 2938 auctorum
621 2867 796 2938 latinorum
811 2866 1097 2956 interpretationes
1116 2867 1314 2939 subveniunt
1341 2868 1454 2940 clario-

370 3013 436 3064 res.
462 2991 750 3075 Quemadmodum
777 2990 972 3062 evictionem
991 3001 1103 3063 auctor
1129 2992 1326 3064 venditionis
1354 3013 1455 3085 praes·

370 3125 439 3187 tare
454 3114 595 3206 emptori
614 3114 723 3196 dehet,
754 3115 800 3185 sic
812 3116 886 3206 jura
902 3135 961 3186 sua
974 3114 1146 3187 alienando
1173 3124 1206 3186 et
1234 3116 1381 3187 Romana
1403 3114 1456 3188 ac·

371 3239 532 3332 quirendo
548 3239 754 3332 seseobligat
778 3239 812 3310 in
839 3240 1004 3312 Romanos
1033 3239 1178 3331 populns
1206 3222 1330 3312 fundus
1357 3251 1456 3333 atque

371 3363 446 3437 huic
460 3364 514 3437 ille
531 3384 660 3436 rursus.

420 3489 500 3574 Quae
518 3490 545 3562 si
562 3510 637 3562 rere
651 3499 742 3593 sunt,
760 3490 787 3561 si
802 3489 909 3562 foedus
920 3489 1086 3582 quoddam
1102 3472 1287 3574 intervenit,
1307 3511 1349 3562 ne
1363 3489 1457 3562 dubi·

370 3625 480 3687 temus
498 3611 692 3686 Ciceronem
707 3614 739 3685 in
764 3617 824 3686 hoc
852 3614 1009 3688 vocabulo
1048 3614 1180 3699 lusisse,
1211 3635 1285 3686 com
1315 3614 1455 3686 fundum

411 3977 519 4040 lConi.
537 3977 634 4056 Elout‚
652 3995 699 4058 op.
715 3978 782 4057 cit,
799 3997 828 4060 p.
846 3979 949 4041 59-6l.

411 4110 425 4150 2
439 4111 552 4185 T..x1x‚
567 4105 589 4168 l.
607 4109 634 4168 l.

411 4241 520 4304 issoni.
538 4239 686 4302 Gallorum
699 4239 768 4302 Cod.
786 4239 855 4316 civ„
875 4242 923 4316 ll,
939 4239 1009 4317 726,
1026 4241 1095 4302 dli.
1113 4273 1152 4288 -·
1180 4238 1261 4304 cont.
1283 4257 1397 4324 quoque
1424 4239 1458 4300 de

373 4348 547 4396 commercio
563 4329 699 4393 hodierna
713 4329 830 4394 foedera.
1149 4346 1151 4352 ·
