<?xml version="1.0" encoding="UTF-8"?>
<!DOCTYPE html PUBLIC "-//W3C//DTD XHTML 1.0 Transitional//EN"
    "http://www.w3.org/TR/xhtml1/DTD/xhtml1-transitional.dtd">
<html xmlns="http://www.w3.org/1999/xhtml" xml:lang="en" lang="en">
 <head>
  <title>
</title>
<meta http-equiv="Content-Type" content="text/html;charset=utf-8" />
  <meta name='ocr-system' content='tesseract 3.04.00' />
  <meta name='ocr-capabilities' content='ocr_page ocr_carea ocr_par ocr_line ocrx_word'/>
</head>
<body>
  <div class='ocr_page' id='page_1' title='image "./demtulliicicero00gasqgoog_0046.png"; bbox 0 0 3546 5454; ppageno 0'>
   <div class='ocr_carea' id='block_1_1' title="bbox 282 621 1364 1983">
    <p class='ocr_par' dir='ltr' id='par_1_1' title="bbox 742 621 927 691">
     <span class='ocr_line' id='line_1_1' title="bbox 742 621 927 691; baseline 0 -18"><span class='ocrx_word' id='word_1_1' title='bbox 742 621 854 691; x_wconf 56' lang='lat'>..55</span> <span class='ocrx_word' id='word_1_2' title='bbox 880 657 927 673; x_wconf 90' lang='lat'>..</span> 
     </span>
    </p>

    <p class='ocr_par' dir='ltr' id='par_1_2' title="bbox 282 766 1364 1983">
     <span class='ocr_line' id='line_1_2' title="bbox 286 766 1362 860; baseline -0.001 -20"><span class='ocrx_word' id='word_1_3' title='bbox 286 767 403 840; x_wconf 79' lang='lat' dir='ltr'>blicam</span> <span class='ocrx_word' id='word_1_4' title='bbox 416 766 544 839; x_wconf 81' lang='lat' dir='ltr'>allicere</span> <span class='ocrx_word' id='word_1_5' title='bbox 557 766 735 854; x_wconf 70' lang='lat' dir='ltr'><strong>nitebatur,</strong></span> <span class='ocrx_word' id='word_1_6' title='bbox 754 771 798 840; x_wconf 89' lang='lat' dir='ltr'>ita</span> <span class='ocrx_word' id='word_1_7' title='bbox 814 777 851 840; x_wconf 87' lang='lat' dir='ltr'>ut</span> <span class='ocrx_word' id='word_1_8' title='bbox 865 768 958 840; x_wconf 88' lang='lat' dir='ltr'>alteri</span> <span class='ocrx_word' id='word_1_9' title='bbox 980 769 1013 838; x_wconf 93' lang='lat' dir='ltr'>in</span> <span class='ocrx_word' id='word_1_10' title='bbox 1044 768 1203 840; x_wconf 85' lang='lat' dir='ltr'>civilatem</span> <span class='ocrx_word' id='word_1_11' title='bbox 1230 766 1362 860; x_wconf 87' lang='lat' dir='ltr'>penitus</span> 
     </span>
     <span class='ocr_line' id='line_1_3' title="bbox 285 894 1362 989; baseline -0.001 -22"><span class='ocrx_word' id='word_1_12' title='bbox 285 895 471 980; x_wconf 81' lang='lat' dir='ltr'>introirent,</span> <span class='ocrx_word' id='word_1_13' title='bbox 488 898 578 968; x_wconf 88' lang='lat' dir='ltr'>alteri</span> <span class='ocrx_word' id='word_1_14' title='bbox 597 904 721 978; x_wconf 88' lang='lat' dir='ltr'>contra,</span> <span class='ocrx_word' id='word_1_15' title='bbox 738 896 831 989; x_wconf 88' lang='lat' dir='ltr'>quasi</span> <span class='ocrx_word' id='word_1_16' title='bbox 848 894 1073 987; x_wconf 80' lang='lat' dir='ltr'>elonginquo,</span> <span class='ocrx_word' id='word_1_17' title='bbox 1098 905 1266 986; x_wconf 86' lang='lat' dir='ltr'>aspectum</span> <span class='ocrx_word' id='word_1_18' title='bbox 1292 905 1362 967; x_wconf 90' lang='lat' dir='ltr'>tan·</span> 
     </span>
     <span class='ocr_line' id='line_1_4' title="bbox 285 1016 1362 1113; baseline 0.004 -27"><span class='ocrx_word' id='word_1_19' title='bbox 285 1016 463 1087; x_wconf 91' lang='lat' dir='ltr'>tumorbis</span> <span class='ocrx_word' id='word_1_20' title='bbox 479 1017 648 1090; x_wconf 88' lang='lat' dir='ltr'>baberent.</span> <span class='ocrx_word' id='word_1_21' title='bbox 673 1017 869 1091; x_wconf 82' lang='lat' dir='ltr'>Necessitate</span> <span class='ocrx_word' id='word_1_22' title='bbox 898 1023 998 1103; x_wconf 91' lang='lat' dir='ltr'>enim,</span> <span class='ocrx_word' id='word_1_23' title='bbox 1031 1020 1133 1113; x_wconf 84' lang='lat' dir='ltr'>magis</span> <span class='ocrx_word' id='word_1_24' title='bbox 1165 1039 1262 1112; x_wconf 85' lang='lat' dir='ltr'>quam</span> <span class='ocrx_word' id='word_1_25' title='bbox 1289 1018 1362 1090; x_wconf 88' lang='lat' dir='ltr'>alii·</span> 
     </span>
     <span class='ocr_line' id='line_1_5' title="bbox 282 1140 1357 1236; baseline 0.003 -24"><span class='ocrx_word' id='word_1_26' title='bbox 282 1140 398 1225; x_wconf 85' lang='lat' dir='ltr'>uitale,</span> <span class='ocrx_word' id='word_1_27' title='bbox 417 1143 574 1214; x_wconf 85' lang='lat' dir='ltr'>civilatem</span> <span class='ocrx_word' id='word_1_28' title='bbox 589 1163 663 1215; x_wconf 91' lang='lat' dir='ltr'>cum</span> <span class='ocrx_word' id='word_1_29' title='bbox 676 1145 746 1215; x_wconf 92' lang='lat' dir='ltr'>aliis</span> <span class='ocrx_word' id='word_1_30' title='bbox 763 1145 907 1235; x_wconf 90' lang='lat' dir='ltr'>populis,</span> <span class='ocrx_word' id='word_1_31' title='bbox 939 1147 1119 1236; x_wconf 87' lang='lat' dir='ltr'>praesertim</span> <span class='ocrx_word' id='word_1_32' title='bbox 1136 1163 1210 1216; x_wconf 90' lang='lat' dir='ltr'>cum</span> <span class='ocrx_word' id='word_1_33' title='bbox 1224 1144 1357 1229; x_wconf 87' lang='lat' dir='ltr'>Latinis,</span> 
     </span>
     <span class='ocr_line' id='line_1_6' title="bbox 286 1267 1364 1359; baseline 0.001 -23"><span class='ocrx_word' id='word_1_34' title='bbox 286 1267 605 1338; x_wconf 87' lang='lat' dir='ltr'>communicaverunt</span> <span class='ocrx_word' id='word_1_35' title='bbox 628 1268 778 1340; x_wconf 87' lang='lat' dir='ltr'>Romani.</span> <span class='ocrx_word' id='word_1_36' title='bbox 809 1267 971 1339; x_wconf 81' lang='lat' dir='ltr'>Facillime</span> <span class='ocrx_word' id='word_1_37' title='bbox 1001 1269 1152 1359; x_wconf 87' lang='lat' dir='ltr'>deinceps</span> <span class='ocrx_word' id='word_1_38' title='bbox 1180 1268 1301 1339; x_wconf 86' lang='lat' dir='ltr'>Latinis</span> <span class='ocrx_word' id='word_1_39' title='bbox 1331 1277 1364 1339; x_wconf 88' lang='lat' dir='ltr'>et</span> 
     </span>
     <span class='ocr_line' id='line_1_7' title="bbox 285 1389 1362 1486; baseline 0.001 -26"><span class='ocrx_word' id='word_1_40' title='bbox 285 1389 402 1462; x_wconf 87' lang='lat' dir='ltr'>Italicis</span> <span class='ocrx_word' id='word_1_41' title='bbox 418 1391 570 1484; x_wconf 84' lang='lat' dir='ltr'>gentibus</span> <span class='ocrx_word' id='word_1_42' title='bbox 584 1393 719 1465; x_wconf 87' lang='lat' dir='ltr'>civitatis</span> <span class='ocrx_word' id='word_1_43' title='bbox 739 1393 794 1486; x_wconf 86' lang='lat' dir='ltr'>jus</span> <span class='ocrx_word' id='word_1_44' title='bbox 823 1393 939 1465; x_wconf 89' lang='lat' dir='ltr'>tribuit</span> <span class='ocrx_word' id='word_1_45' title='bbox 965 1403 1110 1476; x_wconf 86' lang='lat' dir='ltr'>senatus,</span> <span class='ocrx_word' id='word_1_46' title='bbox 1127 1412 1193 1464; x_wconf 91' lang='lat' dir='ltr'>non</span> <span class='ocrx_word' id='word_1_47' title='bbox 1210 1391 1280 1464; x_wconf 89' lang='lat' dir='ltr'>sine</span> <span class='ocrx_word' id='word_1_48' title='bbox 1295 1391 1362 1462; x_wconf 90' lang='lat' dir='ltr'>ullo</span> 
     </span>
     <span class='ocr_line' id='line_1_8' title="bbox 286 1516 1363 1610; baseline 0.003 -25"><span class='ocrx_word' id='word_1_49' title='bbox 286 1524 393 1587; x_wconf 89' lang='lat' dir='ltr'>tamen</span> <span class='ocrx_word' id='word_1_50' title='bbox 412 1516 618 1604; x_wconf 79' lang='lat' dir='ltr'>discrimine3</span> <span class='ocrx_word' id='word_1_51' title='bbox 651 1519 702 1590; x_wconf 90' lang='lat' dir='ltr'>bis</span> <span class='ocrx_word' id='word_1_52' title='bbox 727 1518 814 1591; x_wconf 89' lang='lat' dir='ltr'>enim</span> <span class='ocrx_word' id='word_1_53' title='bbox 842 1518 977 1610; x_wconf 87' lang='lat' dir='ltr'>plenum</span> <span class='ocrx_word' id='word_1_54' title='bbox 991 1519 1058 1609; x_wconf 85' lang='lat' dir='ltr'>jus,</span> <span class='ocrx_word' id='word_1_55' title='bbox 1080 1518 1142 1590; x_wconf 88' lang='lat' dir='ltr'>illis</span> <span class='ocrx_word' id='word_1_56' title='bbox 1160 1518 1294 1590; x_wconf 86' lang='lat' dir='ltr'>civitatis</span> <span class='ocrx_word' id='word_1_57' title='bbox 1307 1517 1363 1609; x_wconf 84' lang='lat' dir='ltr'>jus</span> 
     </span>
     <span class='ocr_line' id='line_1_9' title="bbox 286 1640 1363 1736; baseline -0.001 -26"><span class='ocrx_word' id='word_1_58' title='bbox 286 1641 425 1724; x_wconf 92' lang='lat' dir='ltr'>nudum,</span> <span class='ocrx_word' id='word_1_59' title='bbox 440 1642 511 1714; x_wconf 89' lang='lat' dir='ltr'>sine</span> <span class='ocrx_word' id='word_1_60' title='bbox 528 1643 694 1736; x_wconf 80' lang='lat' dir='ltr'>suffragio,</span> <span class='ocrx_word' id='word_1_61' title='bbox 713 1643 956 1726; x_wconf 91' lang='lat' dir='ltr'>concedebant;</span> <span class='ocrx_word' id='word_1_62' title='bbox 982 1643 1053 1714; x_wconf 87' lang='lat' dir='ltr'>aliis</span> <span class='ocrx_word' id='word_1_63' title='bbox 1067 1642 1146 1715; x_wconf 83' lang='lat' dir='ltr'>Latii</span> <span class='ocrx_word' id='word_1_64' title='bbox 1167 1643 1235 1734; x_wconf 85' lang='lat' dir='ltr'>jus,</span> <span class='ocrx_word' id='word_1_65' title='bbox 1266 1640 1363 1733; x_wconf 85' lang='lat' dir='ltr'>priri-</span> 
     </span>
     <span class='ocr_line' id='line_1_10' title="bbox 286 1765 1360 1866; baseline -0.002 -30"><span class='ocrx_word' id='word_1_66' title='bbox 286 1765 375 1858; x_wconf 85' lang='lat' dir='ltr'>legiis</span> <span class='ocrx_word' id='word_1_67' title='bbox 408 1767 586 1866; x_wconf 82' lang='lat' dir='ltr'>maioribus</span> <span class='ocrx_word' id='word_1_68' title='bbox 625 1767 846 1840; x_wconf 81' lang='lat' dir='ltr'>minoribusve</span> <span class='ocrx_word' id='word_1_69' title='bbox 888 1766 1084 1838; x_wconf 89' lang='lat' dir='ltr'>instructum</span> <span class='ocrx_word' id='word_1_70' title='bbox 1129 1775 1360 1855; x_wconf 88' lang='lat' dir='ltr'>ornatumque,</span> 
     </span>
     <span class='ocr_line' id='line_1_11' title="bbox 286 1888 1046 1983; baseline 0 -23"><span class='ocrx_word' id='word_1_71' title='bbox 286 1889 416 1980; x_wconf 86' lang='lat' dir='ltr'>oppidis</span> <span class='ocrx_word' id='word_1_72' title='bbox 432 1890 573 1982; x_wconf 90' lang='lat' dir='ltr'>denique</span> <span class='ocrx_word' id='word_1_73' title='bbox 587 1889 782 1982; x_wconf 88' lang='lat' dir='ltr'>quibusdam</span> <span class='ocrx_word' id='word_1_74' title='bbox 794 1891 849 1983; x_wconf 86' lang='lat' dir='ltr'>jus</span> <span class='ocrx_word' id='word_1_75' title='bbox 864 1891 1005 1963; x_wconf 85' lang='lat' dir='ltr'>italicum</span> <span class='ocrx_word' id='word_1_76' title='bbox 1020 1888 1046 1960; x_wconf 84' lang='lat'>¹.</span> 
     </span>
    </p>
   </div>
   <div class='ocr_carea' id='block_1_2' title="bbox 284 2027 1364 2631">
    <p class='ocr_par' dir='ltr' id='par_1_3' title="bbox 284 2027 1364 2631">
     <span class='ocr_line' id='line_1_12' title="bbox 333 2027 1361 2133; baseline 0 -23"><span class='ocrx_word' id='word_1_77' title='bbox 333 2039 376 2110; x_wconf 82' lang='lat' dir='ltr'>At</span> <span class='ocrx_word' id='word_1_78' title='bbox 389 2039 508 2112; x_wconf 88' lang='lat' dir='ltr'>Latinis</span> <span class='ocrx_word' id='word_1_79' title='bbox 531 2041 642 2112; x_wconf 83' lang='lat' dir='ltr'>mullae</span> <span class='ocrx_word' id='word_1_80' title='bbox 667 2048 726 2112; x_wconf 84' lang='lat' dir='ltr'>riae</span> <span class='ocrx_word' id='word_1_81' title='bbox 755 2043 795 2113; x_wconf 90' lang='lat' dir='ltr'>ad</span> <span class='ocrx_word' id='word_1_82' title='bbox 824 2041 981 2113; x_wconf 83' lang='lat' dir='ltr'>civilatem</span> <span class='ocrx_word' id='word_1_83' title='bbox 1010 2027 1177 2133; x_wconf 82' lang='lat' dir='ltr'>patebant.</span> <span class='ocrx_word' id='word_1_84' title='bbox 1214 2038 1361 2111; x_wconf 90' lang='lat' dir='ltr'>Primum</span> 
     </span>
     <span class='ocr_line' id='line_1_13' title="bbox 286 2163 1363 2260; baseline -0.003 -23"><span class='ocrx_word' id='word_1_85' title='bbox 286 2163 392 2237; x_wconf 85' lang='lat' dir='ltr'>civiles</span> <span class='ocrx_word' id='word_1_86' title='bbox 408 2165 480 2236; x_wconf 90' lang='lat' dir='ltr'>data</span> <span class='ocrx_word' id='word_1_87' title='bbox 498 2165 559 2237; x_wconf 87' lang='lat' dir='ltr'>lull</span> <span class='ocrx_word' id='word_1_88' title='bbox 585 2166 707 2238; x_wconf 86' lang='lat' dir='ltr'>Latinis</span> <span class='ocrx_word' id='word_1_89' title='bbox 734 2166 791 2260; x_wconf 90' lang='lat' dir='ltr'>qui</span> <span class='ocrx_word' id='word_1_90' title='bbox 820 2167 854 2236; x_wconf 91' lang='lat' dir='ltr'>iu</span> <span class='ocrx_word' id='word_1_91' title='bbox 871 2166 953 2238; x_wconf 89' lang='lat' dir='ltr'>urbe</span> <span class='ocrx_word' id='word_1_92' title='bbox 974 2187 1034 2238; x_wconf 88' lang='lat' dir='ltr'>sua</span> <span class='ocrx_word' id='word_1_93' title='bbox 1049 2165 1272 2259; x_wconf 82' lang='lat' dir='ltr'>magistratum</span> <span class='ocrx_word' id='word_1_94' title='bbox 1292 2183 1363 2256; x_wconf 81' lang='lat' dir='ltr'>ges·</span> 
     </span>
     <span class='ocr_line' id='line_1_14' title="bbox 285 2279 1364 2383; baseline -0.005 -22"><span class='ocrx_word' id='word_1_95' title='bbox 285 2289 417 2361; x_wconf 89' lang='lat' dir='ltr'>sissent.</span> <span class='ocrx_word' id='word_1_96' title='bbox 448 2289 572 2362; x_wconf 85' lang='lat' dir='ltr'>Deinde</span> <span class='ocrx_word' id='word_1_97' title='bbox 601 2291 721 2363; x_wconf 79' lang='lat' dir='ltr'>latinis</span> <span class='ocrx_word' id='word_1_98' title='bbox 747 2293 801 2383; x_wconf 89' lang='lat' dir='ltr'>qui</span> <span class='ocrx_word' id='word_1_99' title='bbox 830 2292 942 2363; x_wconf 77' lang='lat' dir='ltr'>Roma</span> <span class='ocrx_word' id='word_1_100' title='bbox 969 2291 1103 2383; x_wconf 88' lang='lat' dir='ltr'>stirpem</span> <span class='ocrx_word' id='word_1_101' title='bbox 1133 2312 1172 2363; x_wconf 85' lang='lat' dir='ltr'>err</span> <span class='ocrx_word' id='word_1_102' title='bbox 1201 2311 1237 2364; x_wconf 91' lang='lat' dir='ltr'>se</span> <span class='ocrx_word' id='word_1_103' title='bbox 1273 2279 1364 2358; x_wconf 86' lang='lat' dir='ltr'>domi</span> 
     </span>
     <span class='ocr_line' id='line_1_15' title="bbox 285 2413 1361 2508; baseline 0.002 -26"><span class='ocrx_word' id='word_1_104' title='bbox 285 2413 796 2508; x_wconf 85' lang='lat' dir='ltr'>relinquerentlegeconcessum</span> <span class='ocrx_word' id='word_1_105' title='bbox 824 2424 927 2486; x_wconf 88' lang='lat' dir='ltr'>estut</span> <span class='ocrx_word' id='word_1_106' title='bbox 954 2414 1037 2486; x_wconf 86' lang='lat' dir='ltr'>cives</span> <span class='ocrx_word' id='word_1_107' title='bbox 1064 2413 1201 2484; x_wconf 88' lang='lat' dir='ltr'>Romani</span> <span class='ocrx_word' id='word_1_108' title='bbox 1232 2414 1361 2485; x_wconf 86' lang='lat' dir='ltr'>fierent.</span> 
     </span>
     <span class='ocr_line' id='line_1_16' title="bbox 284 2535 1363 2631; baseline 0.005 -25"><span class='ocrx_word' id='word_1_109' title='bbox 284 2535 400 2628; x_wconf 87' lang='lat' dir='ltr'>Spreta</span> <span class='ocrx_word' id='word_1_110' title='bbox 412 2540 493 2630; x_wconf 83' lang='lat' dir='ltr'>lege,</span> <span class='ocrx_word' id='word_1_111' title='bbox 511 2539 599 2610; x_wconf 89' lang='lat' dir='ltr'>brari</span> <span class='ocrx_word' id='word_1_112' title='bbox 613 2541 646 2610; x_wconf 91' lang='lat' dir='ltr'>in</span> <span class='ocrx_word' id='word_1_113' title='bbox 662 2539 834 2622; x_wconf 85' lang='lat' dir='ltr'>ciuitatem,</span> <span class='ocrx_word' id='word_1_114' title='bbox 855 2559 913 2629; x_wconf 89' lang='lat' dir='ltr'>per</span> <span class='ocrx_word' id='word_1_115' title='bbox 930 2539 1154 2631; x_wconf 82' lang='lat' dir='ltr'>migrationem</span> <span class='ocrx_word' id='word_1_116' title='bbox 1166 2549 1199 2610; x_wconf 92' lang='lat' dir='ltr'>et</span> <span class='ocrx_word' id='word_1_117' title='bbox 1213 2559 1363 2622; x_wconf 89' lang='lat' dir='ltr'>censum,</span> 
     </span>
    </p>
   </div>
   <div class='ocr_carea' id='block_1_3' title="bbox 283 2659 1365 3502">
    <p class='ocr_par' dir='ltr' id='par_1_4' title="bbox 283 2659 1365 3502">
     <span class='ocr_line' id='line_1_17' title="bbox 285 2659 1364 2753; baseline 0.002 -25"><span class='ocrx_word' id='word_1_118' title='bbox 285 2660 454 2731; x_wconf 90' lang='lat' dir='ltr'>transiere.</span> <span class='ocrx_word' id='word_1_119' title='bbox 472 2660 562 2732; x_wconf 91' lang='lat' dir='ltr'>Hanc</span> <span class='ocrx_word' id='word_1_120' title='bbox 578 2681 694 2732; x_wconf 90' lang='lat' dir='ltr'>noram</span> <span class='ocrx_word' id='word_1_121' title='bbox 722 2661 805 2732; x_wconf 87' lang='lat' dir='ltr'>riam</span> <span class='ocrx_word' id='word_1_122' title='bbox 835 2661 881 2732; x_wconf 88' lang='lat' dir='ltr'>eis</span> <span class='ocrx_word' id='word_1_123' title='bbox 907 2659 1099 2753; x_wconf 86' lang='lat' dir='ltr'>aperuiller</span> <span class='ocrx_word' id='word_1_124' title='bbox 1125 2659 1271 2743; x_wconf 86' lang='lat' dir='ltr'>Servilia,</span> <span class='ocrx_word' id='word_1_125' title='bbox 1306 2679 1364 2730; x_wconf 90' lang='lat' dir='ltr'>an·</span> 
     </span>
     <span class='ocr_line' id='line_1_18' title="bbox 284 2785 1363 2878; baseline 0.001 -22"><span class='ocrx_word' id='word_1_126' title='bbox 284 2805 327 2856; x_wconf 93' lang='lat' dir='ltr'>no</span> <span class='ocrx_word' id='word_1_127' title='bbox 349 2789 417 2855; x_wconf 72' lang='grc'>645</span> <span class='ocrx_word' id='word_1_128' title='bbox 439 2786 665 2877; x_wconf 88' lang='lat' dir='ltr'>:quicumque</span> <span class='ocrx_word' id='word_1_129' title='bbox 696 2785 953 2876; x_wconf 87' lang='lat' dir='ltr'>repetundarum</span> <span class='ocrx_word' id='word_1_130' title='bbox 984 2786 1169 2856; x_wconf 87' lang='lat' dir='ltr'>Romanum</span> <span class='ocrx_word' id='word_1_131' title='bbox 1195 2785 1363 2878; x_wconf 83' lang='lat' dir='ltr'>magistra-</span> 
     </span>
     <span class='ocr_line' id='line_1_19' title="bbox 284 2891 1363 2994; baseline 0 -12"><span class='ocrx_word' id='word_1_132' title='bbox 284 2920 354 2982; x_wconf 89' lang='lat' dir='ltr'>tum</span> <span class='ocrx_word' id='word_1_133' title='bbox 370 2891 573 2981; x_wconf 86' lang='lat' dir='ltr'>accusauerat</span> <span class='ocrx_word' id='word_1_134' title='bbox 587 2921 619 2982; x_wconf 89' lang='lat' dir='ltr'>et</span> <span class='ocrx_word' id='word_1_135' title='bbox 642 2930 769 2982; x_wconf 91' lang='lat' dir='ltr'>causam</span> <span class='ocrx_word' id='word_1_136' title='bbox 788 2910 988 2994; x_wconf 89' lang='lat' dir='ltr'>obtinuerat,</span> <span class='ocrx_word' id='word_1_137' title='bbox 1020 2911 1095 2982; x_wconf 91' lang='lat' dir='ltr'>ciris</span> <span class='ocrx_word' id='word_1_138' title='bbox 1117 2910 1284 2982; x_wconf 87' lang='lat' dir='ltr'>Romanus</span> <span class='ocrx_word' id='word_1_139' title='bbox 1311 2931 1363 2982; x_wconf 92' lang='lat' dir='ltr'>as·</span> 
     </span>
     <span class='ocr_line' id='line_1_20' title="bbox 285 3034 1364 3126; baseline 0.003 -21"><span class='ocrx_word' id='word_1_140' title='bbox 285 3035 481 3106; x_wconf 86' lang='lat' dir='ltr'>cribebatur.</span> <span class='ocrx_word' id='word_1_141' title='bbox 514 3035 566 3106; x_wconf 89' lang='lat' dir='ltr'>Sic</span> <span class='ocrx_word' id='word_1_142' title='bbox 597 3034 721 3106; x_wconf 82' lang='lat' dir='ltr'>facilius</span> <span class='ocrx_word' id='word_1_143' title='bbox 753 3055 882 3125; x_wconf 88' lang='lat' dir='ltr'>semper</span> <span class='ocrx_word' id='word_1_144' title='bbox 909 3035 1067 3106; x_wconf 86' lang='lat' dir='ltr'>ciuitatem</span> <span class='ocrx_word' id='word_1_145' title='bbox 1095 3037 1203 3126; x_wconf 90' lang='lat' dir='ltr'>adepti</span> <span class='ocrx_word' id='word_1_146' title='bbox 1232 3037 1364 3108; x_wconf 88' lang='lat' dir='ltr'>luerunt</span> 
     </span>
     <span class='ocr_line' id='line_1_21' title="bbox 283 3158 1363 3252; baseline 0.002 -22"><span class='ocrx_word' id='word_1_147' title='bbox 283 3158 400 3243; x_wconf 83' lang='lat' dir='ltr'>Latini,</span> <span class='ocrx_word' id='word_1_148' title='bbox 420 3160 634 3231; x_wconf 88' lang='lat' dir='ltr'>undenatum</span> <span class='ocrx_word' id='word_1_149' title='bbox 663 3169 712 3231; x_wconf 90' lang='lat' dir='ltr'>esl</span> <span class='ocrx_word' id='word_1_150' title='bbox 733 3160 786 3252; x_wconf 86' lang='lat' dir='ltr'>jus</span> <span class='ocrx_word' id='word_1_151' title='bbox 816 3159 965 3242; x_wconf 87' lang='lat' dir='ltr'>latinum,</span> <span class='ocrx_word' id='word_1_152' title='bbox 1000 3161 1086 3251; x_wconf 90' lang='lat' dir='ltr'>quod</span> <span class='ocrx_word' id='word_1_153' title='bbox 1118 3181 1204 3251; x_wconf 89' lang='lat' dir='ltr'>saepe</span> <span class='ocrx_word' id='word_1_154' title='bbox 1234 3161 1363 3252; x_wconf 90' lang='lat' dir='ltr'>oppidis</span> 
     </span>
     <span class='ocr_line' id='line_1_22' title="bbox 284 3283 1365 3377; baseline 0.002 -23"><span class='ocrx_word' id='word_1_155' title='bbox 284 3293 381 3376; x_wconf 88' lang='lat' dir='ltr'>alque</span> <span class='ocrx_word' id='word_1_156' title='bbox 408 3285 483 3356; x_wconf 88' lang='lat' dir='ltr'>lotis</span> <span class='ocrx_word' id='word_1_157' title='bbox 509 3286 606 3356; x_wconf 89' lang='lat' dir='ltr'>eliam</span> <span class='ocrx_word' id='word_1_158' title='bbox 626 3285 813 3375; x_wconf 87' lang='lat' dir='ltr'>provinciis,</span> <span class='ocrx_word' id='word_1_159' title='bbox 844 3284 954 3354; x_wconf 82' lang='lat' dir='ltr'>Gallia</span> <span class='ocrx_word' id='word_1_160' title='bbox 983 3283 1221 3376; x_wconf 77' lang='lat' dir='ltr'>Transpadana</span> <span class='ocrx_word' id='word_1_161' title='bbox 1249 3286 1365 3377; x_wconf 90' lang='lat' dir='ltr'>Hispa·</span> 
     </span>
     <span class='ocr_line' id='line_1_23' title="bbox 284 3408 1043 3502; baseline -0.003 -21"><span class='ocrx_word' id='word_1_162' title='bbox 284 3411 425 3501; x_wconf 86' lang='lat' dir='ltr'>uiaeque,</span> <span class='ocrx_word' id='word_1_163' title='bbox 444 3409 583 3499; x_wconf 85' lang='lat' dir='ltr'>exempli</span> <span class='ocrx_word' id='word_1_164' title='bbox 598 3409 711 3502; x_wconf 82' lang='lat' dir='ltr'>gratia,</span> <span class='ocrx_word' id='word_1_165' title='bbox 728 3429 921 3482; x_wconf 87' lang='lat' dir='ltr'>concessum</span> <span class='ocrx_word' id='word_1_166' title='bbox 941 3409 1003 3480; x_wconf 90' lang='lat' dir='ltr'>luit</span> <span class='ocrx_word' id='word_1_167' title='bbox 1016 3408 1043 3479; x_wconf 71' lang='lat'>².</span> 
     </span>
    </p>
   </div>
   <div class='ocr_carea' id='block_1_4' title="bbox 281 3739 1366 4271">
    <p class='ocr_par' dir='ltr' id='par_1_5' title="bbox 281 3739 1366 4271">
     <span class='ocr_line' id='line_1_24' title="bbox 325 3739 1365 3826; baseline 0.001 -22"><span class='ocrx_word' id='word_1_168' title='bbox 325 3739 468 3804; x_wconf 75' lang='grc' dir='ltr'>1Μὶιιίιιιθ</span> <span class='ocrx_word' id='word_1_169' title='bbox 478 3740 555 3802; x_wconf 92' lang='lat' dir='ltr'>enim</span> <span class='ocrx_word' id='word_1_170' title='bbox 568 3740 622 3802; x_wconf 87' lang='lat' dir='ltr'>hoc</span> <span class='ocrx_word' id='word_1_171' title='bbox 633 3741 680 3822; x_wconf 83' lang='lat' dir='ltr'>jus</span> <span class='ocrx_word' id='word_1_172' title='bbox 698 3742 733 3804; x_wconf 90' lang='lat' dir='ltr'>ad</span> <span class='ocrx_word' id='word_1_173' title='bbox 747 3761 892 3824; x_wconf 87' lang='lat' dir='ltr'>personas,</span> <span class='ocrx_word' id='word_1_174' title='bbox 918 3744 967 3806; x_wconf 92' lang='lat' dir='ltr'>sed</span> <span class='ocrx_word' id='word_1_175' title='bbox 993 3745 1027 3807; x_wconf 93' lang='lat' dir='ltr'>ad</span> <span class='ocrx_word' id='word_1_176' title='bbox 1054 3744 1140 3807; x_wconf 91' lang='lat' dir='ltr'>urbes</span> <span class='ocrx_word' id='word_1_177' title='bbox 1163 3744 1247 3807; x_wconf 91' lang='lat' dir='ltr'>modo</span> <span class='ocrx_word' id='word_1_178' title='bbox 1273 3756 1365 3826; x_wconf 84' lang='lat' dir='ltr'>pertr-</span> 
     </span>
     <span class='ocr_line' id='line_1_25' title="bbox 284 3829 1363 3910; baseline 0.003 -21"><span class='ocrx_word' id='word_1_179' title='bbox 284 3829 381 3906; x_wconf 83' lang='lat' dir='ltr'>nuisse</span> <span class='ocrx_word' id='word_1_180' title='bbox 394 3829 517 3907; x_wconf 86' lang='lat' dir='ltr'>videtur,</span> <span class='ocrx_word' id='word_1_181' title='bbox 534 3841 565 3891; x_wconf 87' lang='lat' dir='ltr'>ut</span> <span class='ocrx_word' id='word_1_182' title='bbox 579 3841 657 3910; x_wconf 86' lang='lat' dir='ltr'>putat</span> <span class='ocrx_word' id='word_1_183' title='bbox 671 3830 817 3893; x_wconf 79' lang='lat' dir='ltr'>Savinius</span> <span class='ocrx_word' id='word_1_184' title='bbox 844 3867 882 3876; x_wconf 99' lang='lat'><em>-</em></span> <span class='ocrx_word' id='word_1_185' title='bbox 907 3834 946 3894; x_wconf 91' lang='lat' dir='ltr'>V.</span> <span class='ocrx_word' id='word_1_186' title='bbox 971 3833 1036 3895; x_wconf 90' lang='lat' dir='ltr'>Liv.</span> <span class='ocrx_word' id='word_1_187' title='bbox 1059 3852 1128 3910; x_wconf 85' lang='lat' dir='ltr'>rrrr,</span> <span class='ocrx_word' id='word_1_188' title='bbox 1154 3833 1191 3894; x_wconf 80' lang='lat' dir='ltr'>ll</span> <span class='ocrx_word' id='word_1_189' title='bbox 1205 3844 1233 3894; x_wconf 87' lang='lat' dir='ltr'>el</span> <span class='ocrx_word' id='word_1_190' title='bbox 1246 3834 1295 3909; x_wconf 66' lang='lat' dir='ltr'>ab</span> <span class='ocrx_word' id='word_1_191' title='bbox 1321 3851 1363 3908; x_wconf 98' lang='grc' dir='ltr'>ιι,</span> 
     </span>
     <span class='ocr_line' id='line_1_26' title="bbox 284 3918 1362 4004; baseline 0 -23"><span class='ocrx_word' id='word_1_192' title='bbox 284 3921 349 3996; x_wconf 36' lang='lat'>4331</span> <span class='ocrx_word' id='word_1_193' title='bbox 368 3919 442 3997; x_wconf 78' lang='lat' dir='ltr'>cia,</span> <span class='ocrx_word' id='word_1_194' title='bbox 458 3921 508 3981; x_wconf 88' lang='lat' dir='ltr'>Ad</span> <span class='ocrx_word' id='word_1_195' title='bbox 521 3918 599 3997; x_wconf 75' lang='lat' dir='ltr'>Ait,</span> <span class='ocrx_word' id='word_1_196' title='bbox 617 3938 657 3996; x_wconf 90' lang='lat' dir='ltr'>rr,</span> <span class='ocrx_word' id='word_1_197' title='bbox 675 3922 773 3998; x_wconf 49' lang='grc' dir='ltr'>ΜΔ,</span> <span class='ocrx_word' id='word_1_198' title='bbox 803 3921 902 3998; x_wconf 90' lang='lat' dir='ltr'>Gaius,</span> <span class='ocrx_word' id='word_1_199' title='bbox 918 3942 942 3999; x_wconf 89' lang='lat'>1,</span> <span class='ocrx_word' id='word_1_200' title='bbox 957 3925 1016 4000; x_wconf 82' lang='lat'>95;</span> <span class='ocrx_word' id='word_1_201' title='bbox 1041 3921 1124 4004; x_wconf 85' lang='lat' dir='ltr'>Ulp,</span> <span class='ocrx_word' id='word_1_202' title='bbox 1141 3941 1203 4000; x_wconf 93' lang='grc' dir='ltr'>ιιι,</span> <span class='ocrx_word' id='word_1_203' title='bbox 1223 3923 1234 3983; x_wconf 91' lang='lat' dir='ltr'>l</span> <span class='ocrx_word' id='word_1_204' title='bbox 1251 3940 1259 3999; x_wconf 91' lang='lat'>;</span> <span class='ocrx_word' id='word_1_205' title='bbox 1291 3923 1362 4002; x_wconf 71' lang='lat' dir='ltr'>Lep.</span> 
     </span>
     <span class='ocr_line' id='line_1_27' title="bbox 283 4010 1363 4091; baseline 0.001 -20"><span class='ocrx_word' id='word_1_206' title='bbox 283 4010 554 4089; x_wconf 54' lang='lat' dir='ltr'>Solitariam-am</span> <span class='ocrx_word' id='word_1_207' title='bbox 583 4013 710 4090; x_wconf 82' lang='lat' dir='ltr'>Tergest.</span> <span class='ocrx_word' id='word_1_208' title='bbox 728 4015 839 4073; x_wconf 87' lang='lat' dir='ltr'>Deerat.</span> <span class='ocrx_word' id='word_1_209' title='bbox 857 4010 888 4071; x_wconf 91' lang='lat' dir='ltr'>in</span> <span class='ocrx_word' id='word_1_210' title='bbox 902 4014 994 4090; x_wconf 80' lang='lat' dir='ltr'>dorp.</span> <span class='ocrx_word' id='word_1_211' title='bbox 1014 4013 1171 4091; x_wconf 77' lang='lat' dir='ltr'>inscript,</span> <span class='ocrx_word' id='word_1_212' title='bbox 1192 4031 1221 4089; x_wconf 85' lang='lat' dir='ltr'>r,</span> <span class='ocrx_word' id='word_1_213' title='bbox 1239 4022 1268 4071; x_wconf 73' lang='grc' dir='ltr'>ιιο</span> <span class='ocrx_word' id='word_1_214' title='bbox 1283 4013 1363 4089; x_wconf 75' lang='lat'><strong>532;</strong></span> 
     </span>
     <span class='ocr_line' id='line_1_28' title="bbox 284 4099 1366 4182; baseline 0.001 -20"><span class='ocrx_word' id='word_1_215' title='bbox 284 4099 354 4180; x_wconf 85' lang='lat' dir='ltr'>Ap,</span> <span class='ocrx_word' id='word_1_216' title='bbox 375 4101 405 4161; x_wconf 86' lang='lat' dir='ltr'>B.</span> <span class='ocrx_word' id='word_1_217' title='bbox 422 4100 495 4177; x_wconf 77' lang='lat' dir='ltr'>cio,</span> <span class='ocrx_word' id='word_1_218' title='bbox 514 4119 548 4178; x_wconf 91' lang='lat' dir='ltr'>rr,</span> <span class='ocrx_word' id='word_1_219' title='bbox 564 4102 622 4177; x_wconf 67' lang='lat'>263</span> <span class='ocrx_word' id='word_1_220' title='bbox 645 4100 762 4178; x_wconf 71' lang='lat' dir='ltr'>Iastia,</span> <span class='ocrx_word' id='word_1_221' title='bbox 776 4121 810 4178; x_wconf 93' lang='grc' dir='ltr'>ιι,</span> <span class='ocrx_word' id='word_1_222' title='bbox 832 4119 876 4182; x_wconf 92' lang='lat' dir='ltr'>pr.</span> <span class='ocrx_word' id='word_1_223' title='bbox 893 4106 911 4162; x_wconf 83' lang='lat' dir='ltr'>li</span> <span class='ocrx_word' id='word_1_224' title='bbox 926 4110 954 4162; x_wconf 87' lang='lat' dir='ltr'>et</span> <span class='ocrx_word' id='word_1_225' title='bbox 967 4104 996 4164; x_wconf 88' lang='lat'>8.</span> <span class='ocrx_word' id='word_1_226' title='bbox 1022 4137 1061 4146; x_wconf 99' lang='lat'><em>-</em></span> <span class='ocrx_word' id='word_1_227' title='bbox 1075 4099 1156 4162; x_wconf 86' lang='lat' dir='ltr'>Coni.</span> <span class='ocrx_word' id='word_1_228' title='bbox 1182 4099 1307 4178; x_wconf 79' lang='lat' dir='ltr'>villalta,</span> <span class='ocrx_word' id='word_1_229' title='bbox 1322 4103 1366 4163; x_wconf 87' lang='lat' dir='ltr'>De</span> 
     </span>
     <span class='ocr_line' id='line_1_29' title="bbox 281 4187 1205 4271; baseline 0 -21"><span class='ocrx_word' id='word_1_230' title='bbox 281 4187 503 4271; x_wconf 78' lang='lat' dir='ltr'>propopuliooc</span> <span class='ocrx_word' id='word_1_231' title='bbox 513 4187 651 4251; x_wconf 83' lang='lat' dir='ltr'>civitatis</span> <span class='ocrx_word' id='word_1_232' title='bbox 664 4189 820 4266; x_wconf 83' lang='lat' dir='ltr'>Romanae,</span> <span class='ocrx_word' id='word_1_233' title='bbox 835 4207 865 4269; x_wconf 94' lang='lat' dir='ltr'>p.</span> <span class='ocrx_word' id='word_1_234' title='bbox 881 4188 992 4268; x_wconf 75' lang='grc'>47-48,</span> <span class='ocrx_word' id='word_1_235' title='bbox 1021 4191 1101 4251; x_wconf 90' lang='lat' dir='ltr'>Bono</span> <span class='ocrx_word' id='word_1_236' title='bbox 1118 4189 1205 4254; x_wconf 77' lang='lat'><strong>⁴870.</strong></span> 
     </span>
    </p>
   </div>
   <div class='ocr_carea' id='block_1_5' title="bbox 323 4314 1095 4397">
    <p class='ocr_par' dir='ltr' id='par_1_6' title="bbox 323 4314 1095 4397">
     <span class='ocr_line' id='line_1_30' title="bbox 323 4314 1095 4397; baseline 0.003 -17"><span class='ocrx_word' id='word_1_237' title='bbox 323 4316 387 4380; x_wconf 76' lang='lat' dir='ltr'>⁹V.</span> <span class='ocrx_word' id='word_1_238' title='bbox 405 4315 494 4393; x_wconf 68' lang='lat' dir='ltr'>Prin,</span> <span class='ocrx_word' id='word_1_239' title='bbox 508 4314 530 4378; x_wconf 90' lang='lat' dir='ltr'>l.</span> <span class='ocrx_word' id='word_1_240' title='bbox 546 4335 592 4390; x_wconf 93' lang='grc' dir='ltr'>ιιι,</span> <span class='ocrx_word' id='word_1_241' title='bbox 610 4316 660 4395; x_wconf 82' lang='lat' dir='ltr'>ll,</span> <span class='ocrx_word' id='word_1_242' title='bbox 673 4319 691 4378; x_wconf 88' lang='lat'>3</span> <span class='ocrx_word' id='word_1_243' title='bbox 705 4327 734 4378; x_wconf 86' lang='lat' dir='ltr'>et</span> <span class='ocrx_word' id='word_1_244' title='bbox 747 4319 776 4380; x_wconf 89' lang='lat'>8.</span> <span class='ocrx_word' id='word_1_245' title='bbox 793 4328 821 4380; x_wconf 91' lang='lat' dir='ltr'>et</span> <span class='ocrx_word' id='word_1_246' title='bbox 830 4316 934 4381; x_wconf 87' lang='lat' dir='ltr'>Gaium</span> <span class='ocrx_word' id='word_1_247' title='bbox 948 4339 973 4397; x_wconf 94' lang='lat' dir='ltr'>r,</span> <span class='ocrx_word' id='word_1_248' title='bbox 987 4321 1095 4383; x_wconf 84' lang='grc'><strong>95-96.</strong></span> 
     </span>
    </p>
   </div>
   <div class='ocr_carea' id='block_1_6' title="bbox 0 0 1778 5454">
    <p class='ocr_par' dir='ltr' id='par_1_7' title="bbox 0 0 1778 5454">
     <span class='ocr_line' id='line_1_31' title="bbox 0 0 1778 5454; baseline 0 1"><span class='ocrx_word' id='word_1_249' title='bbox 0 0 1778 5454; x_wconf 95' lang='lat' dir='ltr'> </span> 
     </span>
    </p>
   </div>
  </div>
 </body>
</html>
