3546 5454
833 561 1023 630 ...64-

395 719 567 807 deutege
599 726 867 803 utconsequens,
897 711 1012 782 ceteris
1039 707 1148 781 civitas
1183 711 1377 803 negabatur,
1407 712 1470 782 nisi

393 841 506 932 popuii
529 839 572 908 itti
594 837 685 909 liberi
714 837 899 909 toederative
926 835 1052 908 civitate
1081 835 1235 927 deinceps
1266 835 1471 907 donarentur

393 983 431 1034 ee
447 963 538 1034 tundi
553 961 681 1032 fierent.

444 1085 578 1169 Verum,
596 1097 634 1156 ut
652 1084 773 1175 optime
788 1083 917 1154 disserit
933 1081 1058 1162 Cicero,
1086 1083 1152 1155 sive
1175 1083 1286 1160 civitas
1317 1084 1480 1169 offertor‚=
1509 1093 1510 1096 ’

394 1209 678 1285 siveteneifinnt
707 1217 855 1278 autnon
886 1207 983 1292 fiunt,
1017 1228 1056 1278 ex
1088 1207 1272 1279 civitatibus
1306 1207 1473 1280 sociorum

393 1346 492 1428 atque
506 1335 682 1406 amicorum
701 1332 913 1402 fortissimum
937 1351 1101 1424 quemque
1124 1333 1301 1423 propositis
1329 1333 1472 1423 praemiis

395 1460 542 1534 eliciendi
558 1457 739 1530 facultatem
754 1474 860 1547 neque
875 1475 912 1526 ea
937 1456 1021 1548 lege,
1053 1475 1160 1548 oeque
1174 1457 1235 1527 alia
1250 1454 1311 1528 sibi
1329 1459 1473 1549 populus

393 1584 561 1656 Romanus
574 1582 694 1654 ademit
709 1577 733 1649 ¹.
765 1579 908 1670 Quisque
939 1580 1040 1665 enim,
1070 1601 1109 1652 en
1121 1581 1196 1672 jure
1223 1581 1319 1664 dviii,
1337 1565 1386 1652 cui
1404 1583 1474 1654 vult

394 1709 510 1781 civitati
525 1727 558 1780 se
576 1709 681 1778 dicare
697 1713 803 1796 potest
825 1715 858 1776 et
887 1704 1000 1795 petrice
1024 1704 1203 1777 retinendae
1219 1714 1276 1777 eut
1305 1708 1472 1780 mutandae

396 1833 547 1905 dominus
561 1841 609 1904 est
622 1829 647 1900 2.
676 1828 794 1912 Nemo,
811 1831 908 1900 etiem
935 1849 1024 1900 cum·
1043 1831 1202 1902 universae
1216 1840 1328 1922 gentes
1345 1831 1378 1900 in
1397 1832 1471 1902 ciri·

393 1965 493 2026 tatem
519 1953 731 2044 recipiuntur,
761 1953 883 2045 cogitur
911 1951 1036 2024 civitate
1053 1953 1186 2036 mutari,
1219 1955 1244 2024 si
1264 1955 1369 2038 notit3
1394 1966 1429 2025 at
1445 1956 1472 2026 si

395 2079 451 2172 qui
468 2088 578 2149 eontra
595 2078 706 2167 populi
721 2077 856 2148 Romani
885 2077 1041 2148 beneficio
1070 2078 1230 2150 ciuitatem
1251 2089 1328 2150 sunt
1356 2099 1471 2152 conse·

395 2203 473 2286 euti,
490 2202 586 2272 etiam
601 2221 674 2272 cum
689 2222 796 2293 neque
811 2180 867 2271 toti
886 2222 1002 2273 eorum
1017 2202 1103 2294 genti
1129 2202 1236 2273 oblata
1268 2212 1330 2285 est,
1366 2224 1473 2296 neque

395 2326 515 2399 teneus
533 2325 559 2398 is
574 2326 716 2416 populus
734 2325 834 2396 tactus
848 2335 911 2424 est,
931 2325 1085 2396 violatum
1109 2326 1218 2398 soedus
1249 2327 1341 2398 netto
1372 2327 1473 2398 modo

394 2451 533 2522 videtur.
553 2449 737 2521 Violaretur
751 2459 857 2520 tamen
874 2449 913 2530 si,
936 2459 970 2520 ut
986 2447 1251 2522 Cenomanorum
1269 2451 1477 2521 insubrium·

395 2597 459 2670 que
478 2575 742 2648 etHelvetierum
764 2583 862 2665 etque
877 2574 1045 2665 lapydum,
1072 2576 1307 2646 nonnullorum
1325 2577 1405 2645 item
1434 2595 1474 2646 en

393 2701 496 2772 Galtia
510 2700 726 2771 Barbarorum
753 2699 875 2771 soedere
889 2709 1027 2784 exstant,
1053 2701 1086 2771 in
1106 2699 1286 2772 soederibus
1303 2710 1474 2791 exceptum

395 2834 479 2898 esset
494 2847 531 2893 oe
546 2827 612 2914 quis
625 2845 732 2894 eorum
745 2827 778 2892 ic
793 2824 941 2891 ciuitatem
955 2824 1130 2892 Romanum
1151 2827 1348 2914 reciperetur.
1378 2825 1473 2908 Quod

395 2951 423 3022 si
438 2949 582 3040 exceptio
602 2949 676 3019 iacit
698 2969 739 3020 ne
764 2948 870 3032 liceat,
897 2956 934 3017 ut
958 2947 1002 3017 ait
1027 2944 1154 3030 Cicero,
1175 2947 1231 3018 ubi
1249 2969 1313 3018 non
1343 2960 1392 3019 est
1421 2968 1475 3018 en·

394 3087 537 3169 ceptum,
557 3076 602 3148 ibi
628 3096 760 3148 necesse
779 3085 829 3148 est
842 3074 939 3147 licere
952 3073 979 3144 ³.
1011 3074 1052 3146 dt
1084 3075 1117 3145 iu
1145 3073 1268 3146 foedere
1299 3072 1474 3155 Gaditano,

395 3202 484 3295 quod
511 3222 616 3295 neque
647 3209 900 3284 sacrosanctum,
936 3217 1043 3292 neque
1074 3201 1205 3291 proprie
1238 3198 1346 3270 ioedus
1375 3199 1477 3270 fuisse

395 3327 745 3408 demonstraturus,
764 3344 927 3417 nusquam
951 3333 1020 3396 erat
1035 3347 1072 3394 oc
1094 3346 1185 3414 qoem
1208 3327 1341 3414 populos
1364 3326 1478 3394 Itoma-

394 3475 453 3522 ues
468 3453 656 3524 Gaditanum
670 3453 813 3539 reciperet
829 3451 956 3519 ciuitate.
1085 3481 1087 3483 ·
1467 3545 1469 3550 Ι

442 3577 584 3670 Longius
601 3575 747 3670 procedit
760 3572 885 3645 Tullius
900 3581 997 3665 atque
1026 3573 1108 3644 hano
1136 3572 1361 3664 exceptionem
1379 3570 1478 3644 etiam

329 3749 331 3753 ·
395 3677 465 3794 lege
482 3702 637 3776 Gallicae
654 3699 805 3774 Cornelia
828 3697 927 3770 tuisse
951 3697 1124 3784 sublatam,
1156 3698 1183 3768 si
1214 3717 1346 3770 neeesse
1375 3707 1476 3784 esset,

439 4065 448 4110 ¹
463 4065 524 4129 Pro
539 4065 646 4146 Bulbo,
661 4082 703 4143 rx,
719 4063 769 4126 Ὦ.

438 4173 558 4250 91ὂὶά.,
573 4193 615 4254 ιι,
630 4176 669 4236 28
682 4183 710 4234 et
720 4187 785 4248 xtn,
799 4167 847 4230 et.

438 4282 526 4344 3Ρνο
539 4279 646 4358 Buteo,
662 4298 724 4356 ιιι,
750 4278 797 4340 32.
