3546 5454
868 580 1058 648 ..pp-

416 726 716 817 peiiauotoritatem
733 746 831 819 quam
847 727 937 798 Balbi
961 728 1102 819 eulpam.
1133 724 1268 797 Summa
1297 726 1385 798 enim
1412 725 1491 795 sub-

415 852 528 923 tilitate
560 851 754 944 plerumque
784 850 896 925 Cicero
939 853 1142 926 demonstrat
1171 851 1272 924 totius
1305 849 1493 942 reipublice

415 975 701 1066 Romanorumque
724 975 833 1067 gloriae
851 975 1007 1048 interesse
1035 976 1277 1048 absolutionem
1307 974 1368 1058 rei,
1394 993 1493 1081 quem

416 1098 591 1172 defendere
617 1101 772 1192 suscepit.
804 1100 877 1192 lpse
906 1122 1040 1194 quoque
1064 1101 1302 1174 Demosthenes
1317 1119 1356 1172 eo
1375 1118 1494 1192 genere

416 1221 545 1296 dioendi
558 1221 722 1293 interdum
735 1242 815 1294 usus
831 1233 893 1294 ost.

461 1373 583 1466 lnjuria
597 1380 765 1444 aoousator
783 1384 878 1467 negat
902 1367 1101 1466 quemquam
1116 1394 1155 1446 en
1171 1359 1338 1446 foederatis
1362 1374 1494 1465 populis

415 1500 485 1571 fieri
516 1520 611 1591 posse
646 1500 747 1572 uivem
774 1499 972 1586 Romanum,
998 1500 1060 1571 nisi
1092 1501 1234 1592 populus
1251 1499 1375 1572 fundus
1391 1501 1495 1571 iaetus

415 1625 470 1696 sit.
486 1624 615 1696 Etenim
640 1626 671 1696 hi
701 1626 813 1717 populi
844 1635 970 1698 tantum
1001 1646 1114 1698 earum
1139 1627 1262 1720 legum,
1284 1647 1358 1717 quae
1375 1625 1415 1696 ad
1441 1625 1495 1716 jus

416 1750 696 1841 oiriiepertinont‚
727 1750 819 1822 fundi
850 1751 919 1824 fieri
937 1753 1070 1844 solent.
1105 1750 1391 1836 Quemadmodum
1421 1748 1497 1820 uiris

414 1874 582 1946 Romanus
614 1874 651 1945 fit
680 1873 871 1959 Gaditanus,
902 1885 958 1948 aut
981 1878 1116 1948 aliarum
1135 1877 1300 1950 civitatum
1327 1875 1417 1959 uiris,
1450 1873 1496 1947 sio

414 1995 572 2068 Gaditano
586 1998 656 2070 fieri
672 1999 731 2070 uiri
744 1999 891 2072 Romano
914 2001 1001 2073 lieet.
1030 2000 1073 2072 Ut
1099 2000 1132 2072 id
1156 2022 1221 2072 non
1251 2001 1357 2085 liceat,
1378 2018 1496 2090 exeep-

415 2133 485 2197 tum
518 2144 589 2198 esse
623 2126 657 2196 io
685 2125 809 2198 foedere
839 2135 981 2216 oportet.
1010 2125 1073 2198 Ubi
1101 2146 1167 2197 nou
1191 2135 1375 2219 exceptum,
1407 2125 1493 2197 lieet.

413 2250 525 2344 ltaque
539 2251 626 2342 jure,
646 2252 716 2344 lege
730 2250 832 2322 Gellia
845 2270 882 2321 ao
895 2247 1057 2334 Cornelia,
1078 2271 1097 2321 a
1112 2250 1269 2343 Pompeio
1288 2252 1408 2345 Balteus
1424 2249 1498 2322 oiri·

414 2384 479 2448 tate
503 2377 644 2449 donatus
663 2386 724 2448 est.

462 2527 674 2612 Quinetiam,
692 2525 830 2595 fundum
860 2522 981 2595 [aetum
1011 2544 1083 2596 esso
1111 2522 1307 2597 Gaditanum
1338 2527 1498 2618 populum

413 2658 446 2728 in
462 2655 563 2727 dubio
579 2673 649 2725 esse
669 2671 736 2722 non
751 2657 871 2741 potest,
898 2669 973 2719 eum
1004 2650 1086 2720 hano
1120 2651 1255 2723 ciuitatis
1285 2652 1496 2725 donationem

412 2781 610 2874 probaverit,
625 2777 807 2867 hospitium
832 2775 961 2866 publice
979 2795 1054 2847 oum
1082 2775 1181 2847 Balbo
1211 2777 1370 2849 iaciendo.
1400 2778 1495 2862 Nam,
1630 2871 1634 2878 Ι

414 2918 451 2979 ut
464 2908 576 2978 Romae
589 2906 708 2994 hospes
733 2902 883 2994 publieus
907 2899 1144 2972 Gaditanorum
1171 2912 1271 2988 esset,
1303 2904 1407 2974 civem
1434 2903 1500 2974 Ro·

413 3052 548 3104 maoum
563 3029 663 3101 fuisse
676 3027 813 3098 Balbum
828 3047 960 3098 neeesse
984 3036 1065 3098 erat.
1097 3026 1144 3097 lta
1171 3025 1363 3100 Ciceronem
1391 3028 1495 3118 jurat,

413 3166 588 3251 postquam
619 3152 840 3253 adversarium
867 3172 933 3222 non
964 3152 1038 3243 jure
1069 3172 1141 3223 esse
1167 3153 1313 3224 locutum
1343 3153 1498 3224 omnibus

341 3362 343 3368 ,
413 3292 564 3376 apertum
591 3281 679 3363 seuit,
699 3275 851 3350 eumdem
879 3275 1020 3368 propriis
1048 3276 1157 3348 verbis
1185 3277 1347 3360 refellere,
1383 3286 1419 3348 ut
1447 3276 1498 3350 bis

413 3407 519 3477 vineat
532 3413 564 3476 et
578 3406 646 3476 suis
661 3413 694 3474 et
708 3401 902 3473 aoousatoris
919 3400 1021 3490 ipsius
1046 3402 1247 3492 argumentis
1265 3401 1499 3494 uictoriamque

415 3531 629 3608 indubitatam
655 3524 888 3599 referatfloe
916 3544 980 3594 uon
1007 3524 1127 3609 timidi,
1147 3526 1399 3617 ut'quibusdam
1430 3526 1499 3617 pla·

415 3657 494 3742 ouit,
510 3654 568 3727 sed
582 3653 693 3746 potius
706 3648 838 3721 audacis
856 3647 980 3740 ingenii
998 3656 1059 3719 est.
1079 3693 1086 3712 .

463 3800 498 3872 dn
512 3796 897 3871 ooneiudeudaoratione
920 3816 955 3869 se
970 3797 1011 3868 ad
1029 3798 1144 3870 altiora
1170 3798 1263 3892 erigit
1292 3797 1419 3884 Cicero,
1451 3807 1497 3882 et,

416 3946 490 3999 oum
503 3927 622 3999 Balbus
638 3925 817 4016 aPompeii
844 3923 984 3997 inimicis
1014 3934 1237 4020 oppugnetur,
1253 3948 1328 4000 oum
1343 3929 1383 4001 de
1400 3927 1498 4018 hujus

320 4075 323 4080 ·
415 4052 575 4125 henefioio
591 4051 701 4144 potius
730 4069 827 4142 quam
856 4051 897 4122 de
929 4049 1015 4122 iliius
1045 4051 1205 4124 maleficio
1231 4051 1407 4144 judicaturi
1436 4051 1501 4123 siut

413 4176 618 4270 judicesad
649 4175 855 4252 concordiam
883 4175 967 4250 eires
996 4175 1110 4248 inritat
1138 4187 1237 4271 atque
1251 4176 1375 4252 dooet:
1401 4179 1503 4252 «Neo
