3546 5454
734 591 945 665 ·-as-

295 739 460 828 Gaditani.
484 745 563 820 Post
586 747 736 820 inutilem
761 746 908 820 Indibilis
923 761 961 818 ao
975 739 1145 820 Mandonii
1167 735 1378 818 rebellionem

295 871 541 960 patieturne.
563 874 646 955 553,
665 880 702 944 ut
712 870 981 955 irradiarentur,
1010 883 1070 942 nan
1089 870 1203 943 Gades
1230 851 1377 942 mittere-

294 1006 348 1068 tur
362 997 548 1090 amiatae,
574 998 847 1089 adversusquod'
860 998 922 1070 sibi
939 998 972 1069 in
990 998 1089 1071 iidem
1110 995 1221 1088 populi
1238 985 1377 1066 Romani

293 1119 499 1194 venientibus
512 1140 586 1194 oum
614 1120 651 1192 l.
685 1121 804 1194 liavoio
835 1120 1053 1194 convenisset.
1074 1120 1179 1206 -Quod
1202 1119 1377 1192 remissum

297 1254 347 1319 est
362 1241 387 1319 ¹.
761 1245 762 1250 ‘
957 1245 958 1252 '
1129 1255 1131 1260 '
1280 1243 1283 1250 ’

329 1367 413 1448 Gum
432 1365 600 1445 baliarum
616 1367 751 1460 sponsio
765 1377 833 1448 aut.
848 1377 884 1440 ot
902 1382 977 1442 vero
992 1369 1109 1452 diuam,
1126 1368 1234 1461 pantio
1248 1375 1376 1439 tantum

294 1494 517 1578 iacuerata.
538 1491 646 1566 didi.
677 1493 722 1566 M,
741 1489 865 1586 Lepido
895 1495 936 1580 Q.
967 1493 1081 1567 Catulo
1110 1515 1197 1568 coss.
1226 1487 1262 1566 a.¹
1285 1496 1371 1577 675,

292 1619 401 1694 smnus
417 1617 548 1710 proprio
564 1619 663 1691 lotum
680 1628 745 1704 est,
761 1623 818 1693 sad
836 1641 945 1714 neque
970 1635 1115 1716 aequum,
1141 1637 1249 1716 neque
1266 1640 1375 1694 saero-

291 1723 453 1826 danorum,
469 1751 679 1817 utasseverat
694 1739 807 1815 Ginevo
824 1763 883 1834 pro
898 1743 997 1817 Balbo
1016 1746 1159 1818 loeutus.
1187 1745 1233 1816 lix
1252 1737 1377 1816 loedere

289 1869 430 1942 amioitia
450 1869 641 1942 confirmata
653 1880 719 1952 esti
733 1871 850 1942 auxilia
864 1881 897 1943 et
910 1891 1027 1943 aurum
1040 1871 1277 1965 promiserunt,
1291 1866 1375 1940 nihil

293 1993 842 2088 exceptumfoitdecivitatisjura
1347 1987 1349 1992 ’

340 2115 455 2189 Fidem
487 2118 593 2189 datam
620 2113 787 2192 servavere
816 2119 971 2190 Romanis
998 2118 1147 2190 Gaditani
1175 2138 1184 2188 t
1215 2115 1375 2190 Catonem

290 2239 583 2334 Gvaoobumqueet
601 2238 787 2335 Scipionem
815 2246 1026 2318 AEmilianum
1052 2256 1151 2338 atque
1178 2241 1372 2337 Pompeium

290 2364 408 2457 opibus
425 2385 462 2438 ao
475 2365 575 2457 copiis
585 2367 753 2459 juverunt,
769 2368 903 2440 minime
916 2381 1026 2440 autem
1043 2367 1191 2441 inverunt
1205 2366 1370 2451 Viriatho,

291 2488 437 2562 Sertorio
454 2498 552 2583 atque
566 2491 636 2562 aliis
653 2492 877 2566 Romanorum
893 2489 1045 2566 inimiais.
1181 2485 1183 2490 ’

338 2610 421 2686 Cum
434 2611 543 2686 Caesar
556 2615 589 2685 in
604 2615 761 2707 Hispania
775 2627 896 2708 prator
910 2626 1010 2702 asset,
1039 2617 1185 2708 ipsorum
1210 2609 1373 2706 permissu

286 2739 363 2830 jura
386 2739 511 2824 statuit,
531 2739 744 2811 inveteratam
762 2742 936 2833 quamdam
962 2740 1145 2813 barbariam
1176 2761 1215 2812 ox
1242 2737 1374 2811 Gadita·

273 2881 407 2936 ‘norum
438 2863 586 2936 moribus
616 2864 853 2958 disciplinaque
889 2866 1006 2938 delevit
1044 2874 1142 2958 atque
1179 2882 1308 2936 summa
1339 2865 1374 2935 in

288 2988 522 3072 Gaditanorum
538 2989 701 3062 civitatem
732 2991 903 3083 beneficia,
932 2990 1023 3062 Balbi
1048 2999 1175 3083 rogatu,
1195 2989 1333 3062 eontulit
1346 2986 1371 3059 ³.

289 3113 465 3205 Postquam
489 3111 672 3186 aVarvone
696 3113 864 3187 Gallonius
895 3098 1018 3206 oppido
1049 3113 1221 3208 praelectus
1238 3111 1371 3186 ‘missus

289 3245 352 3320 est,
373 3254 449 3307 eum
465 3233 614 3306 Gaditani
630 3236 784 3326 expulere
811 3246 909 3329 atque
940 3236 1055 3308 urbem
1086 3235 1290 3327 insulamque
1305 3231 1373 3305 Cae·

287 3360 351 3432 sari
364 3370 587 3432 servaverunt.
613 3355 721 3432 Caesar
749 3359 916 3432 Gaditanis
944 3361 1061 3454 gratias
1076 3361 1140 3454 egit
1158 3359 1246 3451 qued
1261 3360 1374 3430 adver·

326 3749 416 3812 ¹Liv.
433 3765 530 3829 xxxrr,
546 3751 575 3812 2.

324 3856 427 3935 ania,
454 3857 645 3934 xxv111‚23.
681 3855 815 3920 Attamen
840 3857 872 3919 L.
905 3854 1030 3919 Marcius
1065 3854 1097 3917 in
1121 3853 1290 3935 Hispaniam
1315 3853 1373 3936 jam

284 3963 359 4009 anno
374 3948 432 4008 nlo
446 3944 609 4007 devenerat.
624 3947 658 4008 V.
676 3945 754 4024 Liv.,
768 3964 839 4022 xxv,
856 3944 894 4007 37
910 3962 973 4024 sqq.

322 4050 483 4114 ³Gaditani
509 4051 613 4114 littaris
641 4051 777 4114 Romanis
811 4051 881 4113 adeo
903 4050 1075 4112 studuerunt
1089 4061 1120 4112 ut
1135 4049 1294 4112 Gaditanus
1306 4049 1374 4130 qui-

284 4140 349 4202 darn
366 4139 441 4201 Livii
468 4139 583 4202 nomino
611 4139 758 4221 gloriaque
786 4152 954 4217 commotus,
981 4139 1016 4201 ad
1039 4137 1192 4200 visendum
1213 4157 1279 4201 eum
1310 4141 1373 4201 lio-

284 4249 359 4293 mam
373 4229 494 4308 venerit,
516 4229 687 4312 statimque,
717 4248 751 4292 eo
772 4230 845 4307 viso,
868 4228 979 4291 abierit.
1005 4230 1038 4291 V.
1057 4226 1146 4305 Plin,
1161 4231 1220 4310 Ep.
1236 4248 1271 4306 11,
1288 4231 1318 4306 3,
1337 4232 1368 4291 8.

286 4316 443 4383 Columella
455 4317 606 4401 Rufusque
620 4331 700 4401 poeta
714 4318 842 4384 Gadibus
857 4317 915 4380 nati
929 4329 1006 4380 sunt.
