3546 5454
867 577 1049 646 „qq-

413 722 574 794 sariorum
587 733 721 798 oonatus
735 726 944 819 infregissent
959 745 1096 819 seseque
1122 726 1156 796 in
1178 725 1365 797 libertatem
1392 723 1500 794 vindi·

415 856 547 921 cessent
574 857 672 942 atque
689 850 841 941 pecunias
871 858 1149 943 monumentaque
1176 871 1250 945 quae
1281 870 1320 922 es
1349 849 1501 920 Herculis

414 968 491 1039 fano
517 969 550 1038 in
572 970 711 1060 priuatas
738 971 877 1042 Gallonii
912 973 1000 1044 aedes
1034 973 1151 1044 collata
1177 981 1281 1056 erant,
1314 973 1429 1045 reterri
1464 975 1500 1045 in

415 1093 576 1184 templum
605 1093 711 1185 jussit.
743 1094 881 1180 Deinde,
911 1096 953 1167 ob
981 1098 1195 1170 constantiam
1228 1105 1261 1170 et
1288 1097 1498 1182 amioitiam,

414 1217 591 1291 Gaditanos
605 1217 713 1292 Caesar
726 1221 852 1294 civitate
870 1223 1001 1294 donarit
1015 1221 1042 1293 1.

464 1344 511 1416 Ea
524 1345 585 1416 init
601 1337 837 1419 Gaditanorum
863 1347 1006 1419 fortuna.
1038 1347 1101 1433 Qui
1130 1349 1276 1442 quidem,
1307 1367 1499 1441 quanquam

416 1473 572 1566 sauguine
586 1482 618 1545 et
633 1475 756 1567 origine
769 1495 843 1547 oum
857 1472 1181 1569 Carthaginiensibus
1205 1475 1369 1567 eonjunoti
1390 1483 1499 1558 erant,

416 1599 732 1689 proptereraritiam
762 1600 802 1671 ab
835 1600 959 1673 eisdem
991 1601 1181 1672 deiecerunt
1210 1600 1502 1694 Romanorumque

415 1723 587 1795 amicitiam
611 1724 786 1816 petierunt.
821 1725 982 1808 Primum,
1013 1725 1190 1816 sponsione
1218 1725 1313 1811 saeta,
1343 1725 1437 1817 quasi
1468 1725 1502 1795 in

420 1847 569 1919 tutorum
583 1849 812 1940 praevidentes,
828 1852 870 1924 ad
883 1851 1048 1924 Romanos
1062 1859 1244 1932 reneruut;
1262 1849 1393 1934 deinde,
1413 1869 1501 1932 oum,

416 1970 607 2066 Carthagine
635 1994 745 2046 euersa
774 1975 994 2068 Hispaniaque
1023 1975 1190 2066 perpetuis
1231 1975 1325 2048 bellis
1365 1984 1501 2058 vastata,

417 2097 558 2169 societas
573 2116 648 2168 oum
662 2097 817 2170 Romanis
845 2118 938 2190 spem
967 2099 1082 2170 salutis
1097 2086 1277 2171 iirriuiorem
1295 2099 1342 2170 eis
1358 2099 1501 2182 afferret,

418 2221 481 2314 ioto
501 2220 639 2306 foedere,
656 2223 739 2293 hano
756 2224 953 2315 praeeipuam
980 2233 1101 2294 sortem
1129 2223 1315 2294 hahuerunt
1341 2233 1379 2295 ut
1406 2223 1504 2294 Pom·

419 2347 492 2440 poio
509 2367 602 2438 aeque
615 2368 652 2419 ao
667 2346 784 2419 Caesari
801 2348 896 2418 amici
911 2347 1012 2419 habiti
1042 2347 1108 2420 sint
1135 2359 1167 2420 et
1192 2367 1307 2419 eorum
1337 2346 1504 2419 benefieiis

418 2472 540 2563 pariter
558 2472 608 2543 usi
624 2471 756 2547 inerint.
775 2472 863 2544 Inter
879 2473 1019 2544 eximios
1037 2493 1073 2544 ao
1088 2473 1253 2564 praestanti
1272 2473 1402 2564 ingenio
1419 2472 1506 2543 viros

420 2598 477 2691 qui
491 2599 574 2669 hano
588 2596 784 2688 prudentem
799 2599 915 2689 agendi
936 2597 1095 2670 rationem
1109 2605 1297 2680 suaserunt,
1315 2596 1385 2668 sine
1405 2594 1504 2667 dubio

420 2722 688 2795 annumerandus
704 2731 755 2794 est
768 2722 901 2793 Balbus.

463 3085 474 3126 1
489 3083 575 3160 Caes,
596 3084 629 3144 B.
644 3100 684 3158 a,
702 3101 736 3159 11,
750 3083 789 3144 20
804 3091 832 3144 et
844 3083 893 3144 it,
