3546 5454
857 606 1043 676 ..48-

390 755 538 845 exemplo
554 763 601 826 est
618 752 641 839 ¹,
661 774 726 846 quo
755 764 884 826 cautum
900 764 950 826 est
966 763 1002 826 ut
1018 755 1159 826 amicitia
1187 755 1272 826 iuter
1303 755 1468 831 Romanos

390 879 586 970 Latinosque
610 889 708 962 esset,
748 879 880 950 eosdem
909 880 1019 950 hostes
1044 879 1201 952 habereut
1227 880 1471 972 imperiumque

390 1001 523 1072 alteruis
552 1000 674 1074 vicibus
692 1012 900 1073 exercerent.
942 1001 1064 1073 Praeter
1092 1001 1265 1074 amicitiam
1298 1024 1316 1075 e
1346 1002 1471 1076 loedere

389 1145 482 1216 aequo
513 1134 633 1206 natam,
663 1133 741 1197 tuno
764 1126 817 1217 jus
847 1126 932 1197 exilii
964 1125 1132 1198 obtinebat
1159 1126 1269 1198 civitas
1298 1126 1468 1210 loederata,

389 1250 433 1318 ila
449 1249 573 1320 utrivis
588 1249 690 1323 Roma
712 1250 825 1341 pulsus
854 1251 940 1321 inter
956 1250 1040 1322 oives
1055 1250 1188 1342 huJusue
1203 1250 1337 1322 civitatis
1354 1250 1471 1322 ascribi

389 1382 512 1462 posset.
533 1372 731 1466 Plerumque
762 1395 802 1445 no
825 1375 932 1465 speeie
953 1374 1086 1467 quidem
1102 1375 1209 1446 ioedus
1224 1395 1370 1468 aequum,
1391 1394 1467 1447 oum

390 1497 570 1570 haeoverba
593 1498 834 1590 adjicerentur:
861 1527 875 1563 ‹
906 1499 932 1571 is
960 1501 1100 1590 populus
1128 1500 1329 1592 majestatem
1357 1499 1472 1591 populi

389 1622 526 1692 llomaui
541 1623 675 1693 comiter
693 1634 894 1695 conservato.
915 1652 929 1690 ι
954 1623 1029 1696 llaeo
1043 1624 1141 1696 verba
1157 1632 1235 1695 sunt
1262 1624 1468 1716 imperantis,

389 1765 456 1816 uon
471 1747 618 1838 aequalis.
637 1746 811 1838 Perperam
826 1747 923 1839 igilur
948 1746 1037 1818 Balbi
1067 1757 1232 1820 accusator
1268 1747 1463 1819 ‹comiter›

390 1871 515 1943 dioebat
532 1891 604 1943 esse
626 1898 640 1935 a
658 1871 906 1944 communiter»
927 1882 1025 1963 atque
1042 1873 1121 1944 illud
1138 1873 1272 1944 verbum
1293 1881 1391 1967 atque
1411 1869 1473 1959 hoo

391 1995 612 2080 idomvalere,
630 1996 722 2087 quasi
750 1996 889 2087 priscam
913 2005 945 2067 et
976 1996 1138 2067 insolitam
1170 2016 1281 2069 vooem
1309 1997 1469 2089 interpro-

392 2128 519 2191 taretur
532 2118 558 2190 2.

420 2269 556 2344 Foedera
571 2280 628 2342 aut
644 2279 846 2342 sacrosancta
862 2279 918 2340 aut
933 2290 998 2340 nou
1011 2279 1213 2344 sacrosancta
1226 2279 1340 2354 eraut,
1369 2290 1468 2362 spou-

389 2395 493 2479 sioue,
512 2396 671 2487 pactione,
688 2403 744 2465 aut
760 2394 883 2467 ioedere
908 2395 979 2485 ipso
1009 2397 1084 2466 iota.
1116 2394 1164 2464 Ex
1187 2393 1309 2467 tudere
1324 2394 1468 2474 nascitur

389 2520 539 2604 societas,
570 2519 602 2590 id
633 2527 696 2602 est,
724 2519 834 2590 auxilii
860 2518 986 2590 lereudi
1010 2519 1175 2612 obligatio,
1199 2540 1299 2612 graeoe
1314 2534 1466 2616 συμμαχία,

276 2718 280 2727 ,
388 2653 445 2715 aut
458 2644 597 2716 amicitia
614 2644 685 2716 sine
708 2642 784 2714 belli
802 2643 965 2715 societate.
997 2642 1104 2715 Paotio
1123 2653 1155 2714 et
1183 2646 1316 2734 sponsio
1349 2643 1471 2715 fiebant

390 2790 448 2860 per
462 2768 625 2861 quoslibet
639 2767 866 2860 magistratus3
883 2767 991 2840 loedus
1005 2777 1129 2852 autem,
1149 2769 1241 2839 initio
1256 2770 1382 2850 saltem,
1412 2789 1470 2859 per

388 2894 475 2966 solos
493 2892 616 2966 latiales
631 2890 658 2963 ³.

435 3016 598 3102 Gaditani,
616 3037 689 3088 oum
704 3017 916 3109 sponsionem
931 3037 1006 3088 oum
1020 3017 1057 3087 L.
1075 3015 1194 3088 Marcio
1211 3016 1322 3087 initam
1344 3037 1376 3086 a.
1398 3020 1466 3087 nte

388 3161 459 3214 esse
475 3142 693 3214 renovandam
716 3151 900 3226 censerent,
922 3162 940 3211 a
962 3154 1075 3212 senatu
1107 3140 1146 3211 de
1179 3140 1303 3212 loedere
1334 3164 1365 3212 a.
1398 3145 1466 3211 676

388 3266 651 3357 postulaverunt.
667 3263 806 3356 Sponsio
820 3265 976 3335 nimirum
992 3285 1099 3355 neque
1111 3264 1222 3355 populi
1234 3263 1345 3356 jussu,
1363 3285 1469 3356 neque

360 3399 520 3470 ,senatus
560 3389 763 3473 auctoritate,
797 3388 855 3462 sed
893 3389 1142 3480 magistratuum
1172 3398 1204 3460 et
1236 3389 1470 3482 imperatorum

429 3749 570 3827 1Liv.11,
593 3752 642 3828 33,
658 3749 692 3811 ll
711 3757 739 3812 ot
753 3767 855 3826 xxxiv,
881 3747 929 3812 57.
955 3747 1106 3810 Foederum
1127 3746 1256 3830 exemplo
1280 3746 1468 3812 inveniuntur

389 3838 465 3923 apud
480 3839 615 3902 Livium:
633 3841 772 3918 v111,25;
788 3859 830 3918 rx,
847 3842 886 3901 20
899 3857 907 3917 3
924 3857 1006 3916 xxm,
1021 3839 1059 3900 ul
1073 3848 1102 3897 et
1116 3838 1153 3898 39
1166 3856 1174 3915 ;
1191 3857 1281 3914 xxxv,
1299 3838 1351 3914 l63
1367 3854 1468 3913 xxxvi,

390 3933 440 4007 lu,
453 3941 521 3998 eto..
538 3940 566 3990 et
578 3927 653 4009 apud
669 3924 808 4006 Gellium,
821 3947 863 4006 rr,
881 3929 911 4005 l,
925 3939 980 3988 eto.

428 4038 517 4097 2Pro
530 4037 637 4114 Balbo,
654 4055 705 4098 xm
719 4046 747 4097 et
759 4054 843 4096 xxm.
861 4033 946 4097 Dion.
964 4032 1046 4113 Hal,
1060 4051 1102 4111 vr,
1116 4035 1154 4096 95
1169 4045 1196 4096 et
1209 4052 1274 4111 vin,
1291 4035 1340 4112 69,
1356 4033 1406 4096 72.
1431 4065 1470 4081 -

388 4123 470 4188 Coul.
488 4126 599 4204 Graan,
619 4123 821 4202 Theodorum,
836 4122 892 4186 loo.
909 4122 958 4183 eit.

427 4229 670 4296 ³Ohsorvoudum
693 4239 736 4292 est
755 4228 869 4292 foederis
896 4227 982 4292 verbu
1006 4246 1104 4292 rerum
1129 4227 1282 4309 soriptores
1312 4245 1379 4293 usos
1407 4246 1470 4290 esse

389 4322 423 4398 ad
438 4321 560 4391 maximo
574 4321 666 4386 varias
678 4319 751 4392 inter
765 4318 837 4390 duos
851 4316 972 4400 populos
985 4318 1187 4390 conventiones
1201 4317 1397 4398 designandus.
