3546 5454
763 630 930 696 ..7-

301 771 354 842 dia
376 772 558 863 sumpsisse
580 783 613 844 et
636 775 678 845 de
701 793 840 864 veneno,
869 775 958 867 qood
984 776 1011 847 ei
1037 796 1170 867 parasse
1200 777 1381 861 dicebatur,

299 903 486 968 accusatum
498 897 622 988 judicio
643 897 759 969 liberat
774 897 799 968 ¹.

342 2262 457 2354 Opere
476 2265 618 2355 pretium
644 2273 695 2335 est
721 2265 865 2355 primum
893 2261 1068 2354 anquirere
1096 2261 1275 2353 quomodo
1291 2260 1378 2331 Balbi

295 2407 392 2459 causa
406 2396 475 2457 eota
495 2387 551 2458 sit.
571 2387 618 2458 Ex
635 2388 705 2478 ipsa
725 2409 785 2479 pro
802 2387 902 2458 Balbo
921 2385 1080 2468 oratione,
1107 2384 1185 2454 nihil
1214 2385 1303 2454 eliud
1330 2385 1381 2454 in-

295 2512 379 2583 lerro
397 2531 586 2602 possumus,
603 2513 665 2582 nisi
680 2513 712 2583 id
725 2511 886 2604 judicium
912 2511 1000 2602 apud
1021 2514 1138 2598 jndices
1167 2519 1274 2580 aeturn
1293 2529 1379 2581 esse.

293 2635 355 2720 Qui
381 2637 403 2706 ii
420 2637 555 2719 luerint,
592 2636 833 2708 subobscurum
859 2644 921 2706 est.
954 2634 1001 2706 De
1030 2635 1231 2727 ingenuitate
1258 2643 1381 2720 tamen,

293 2761 332 2831 de
347 2759 486 2843 civitate,
506 2761 546 2831 de
563 2769 650 2830 statu
670 2760 866 2832 sententiam
890 2758 1038 2829 ferebant
1065 2762 1226 2829 decemviri
1246 2762 1382 2829 stittrttes
1486 2835 1490 2842 ,

284 2886 461 2972 judicandis
474 2881 500 2951 ².
514 2882 560 2952 lta
574 2882 780 2974 appellantur
794 2882 850 2972 qui
867 2890 1105 2954 sacramentum
1115 2883 1241 2973 justum
1254 2883 1377 2968 dixere,

291 3014 405 3076 orante
422 3006 541 3088 Tullio,
569 3024 629 3095 pro
657 3003 810 3075 Arretina
836 3004 987 3086 muliere,
1020 3003 1054 3074 in
1086 3025 1181 3075 cansa
1211 3006 1336 3077 liberali
1350 3007 1377 3078 ³.

290 3127 372 3200 Cum
393 3150 469 3201 vero
488 3150 548 3220 pro
565 3127 683 3199 Archia
708 3138 804 3218 poeta
830 3128 916 3218 apud
935 3136 1110 3219 praetorem
1133 3139 1165 3201 et
1177 3130 1317 3221 judiees,
1344 3130 1377 3201 in

330 3509 1379 3593 lfflwmofflRfflmwmfflwmmm

286 3597 455 3660 morabitini
468 3599 543 3659 oilae
557 3598 728 3676 Ciceronis,
746 3599 776 3660 in
792 3599 885 3660 fronte
897 3598 1033 3662 editionis
1048 3601 1153 3683 Lipsiae
1167 3602 1374 3666 datae-Conl.

285 3685 1373 3774 Ηωώωβωωωωαπψμὴωώώωωωῃς

285 3773 428 3839 Velleium
443 3773 637 3854 Patereulurn,
655 3796 690 3855 11,
706 3780 755 3840 30.

323 3909 388 3969 ⁹V.
406 3905 491 3967 Dion.
509 3907 586 3984 Hal,
616 3928 657 3969 rr.
688 3911 727 3970 25
738 3929 746 3987 ;
774 3910 851 3986 Liv.,
866 3873 990 3987 111‚‘55;
1018 3911 1096 3971 Suet.
1102 3957 1111 3988 ,
1128 3915 1192 3973 Ort.
1210 3914 1264 3987 36;
1295 3911 1372 3974 Plin.

284 3999 357 4076 Ep„
373 4014 403 4071 r,
417 3995 474 4071 tl;
499 3996 562 4057 Dio.
581 3997 674 4074 Cass,
691 4017 753 4074 arr,
770 4001 818 4060 26.
849 4033 888 4043 -
914 3997 996 4060 Conl.
1014 3997 1122 4075 Keller,
1139 3999 1310 4060 Prooedure
1324 4001 1381 4061 ol-v

283 4083 347 4145 vile
361 4081 431 4144 cltez
445 4081 489 4144 les
502 4084 661 4160 Romains,
678 4085 891 4166 tradoapmas,
902 4085 995 4164 Paris,
1013 4087 1104 4164 l87(l;
1121 4084 1266 4163 Willons,
1283 4088 1374 4149 Drot't

280 4171 388 4253 publio
403 4172 545 4247 Romoln,
563 4191 592 4253 p.
609 4173 677 4233 335.

324 4307 337 4348 ³
351 4306 412 4365 Pro
427 4306 516 4383 Oreo,
533 4307 590 4384 335
617 4306 792 4383 Prodente,
808 4308 857 4368 29.
