3546 5454
753 607 942 676 ..51-

301 777 436 846 porcum
469 756 614 828 lariebat.
640 755 693 828 Sic
722 765 820 828 testas
848 756 927 828 deos
946 754 1093 826 faciebat.
1110 751 1203 845 Saepo
1218 755 1315 826 aliam
1339 755 1371 825 in

300 881 369 972 lege
383 881 423 952 de
438 881 560 951 loedere
576 880 651 961 lala,
670 880 737 951 haec
751 888 877 950 tantum
891 879 922 948 in
939 879 1005 951 line
1017 879 1229 970 adjiciebatur
1245 903 1253 949 ε
1280 905 1295 944 ι
1310 879 1371 964 Qui

301 1000 549 1084 contrafecerit,
565 1021 655 1072 sacer
673 1013 755 1073 esto.
788 1029 803 1067 a
837 1000 899 1072 Ubi
928 1000 1024 1092 igitur
1056 1001 1162 1072 loedus
1194 1001 1371 1092 perlectum

301 1134 370 1196 erat
383 1125 597 1197 obtestatione
612 1135 644 1197 at
659 1145 769 1216 poena,
789 1125 923 1198 numine
940 1126 1048 1198 diuino
1075 1136 1106 1197 et
1125 1126 1237 1217 populi
1262 1127 1369 1218 jussu,

299 1251 463 1322 violatoris
477 1258 573 1341 caput
591 1250 807 1321 devorabatur
822 1245 845 1319 ¹.

347 1400 483 1474 lllarime
506 1402 599 1472 uariae
621 1401 782 1474 loederum
799 1399 1002 1474 conditiones
1021 1401 1167 1486 luerunt,
1188 1422 1275 1474 nunc
1302 1423 1372 1474 me·

300 1526 410 1610 liores
428 1547 515 1598 nunc
532 1525 673 1617 pejores
692 1533 792 1616 prout
815 1523 924 1594 Romae
952 1523 1098 1616 placebat
1130 1523 1265 1616 ejusque
1294 1527 1375 1596 inte·

300 1661 398 1723 rerat.
422 1651 501 1722 Post
527 1671 669 1744 pugnam
685 1650 772 1742 apud
806 1649 965 1742 Regillum
992 1649 1111 1731 lacum,
1144 1670 1218 1721 oum
1244 1649 1375 1741 triginta

300 1775 380 1848 Latii
397 1776 527 1867 oppidis
543 1775 649 1847 loedus
668 1793 798 1867 aequum
817 1784 877 1844 ast.
904 1774 1050 1845 Hernicis
1064 1773 1254 1866 Volscisque
1269 1775 1372 1858 violis,

301 1902 416 1993 iniquo
446 1901 522 1992 jore
551 1909 661 1971 autem
691 1919 765 1971 oum
790 1898 911 1969 Latinis
940 1908 1076 1990 egerunt
1101 1899 1252 1970 Romani.
1281 1899 1374 1991 Saepe

301 2034 434 2114 ruptum
465 2023 571 2095 loedus
600 2043 715 2093 rursus
728 2021 907 2114 jungebant
925 2040 999 2092 oum
1018 2021 1152 2092 Latinis.
1182 2021 1221 2091 Hi
1241 2024 1373 2115 quidem

294 2149 417 2238 ‘praeda
448 2147 620 2224 dimidium
647 2147 816 2238 exigebant
843 2145 1072 2238 privilegioque
1100 2149 1155 2218 diu
1186 2157 1299 2242 negata
1318 2149 1375 2220 ob·

299 2267 458 2347 tinebant,
480 2267 583 2341 donec
601 2265 788 2337 Latinorum
808 2266 984 2356 Romaeque
1014 2267 1126 2339 eadem
1148 2270 1276 2340 fortuna
1295 2271 1375 2342 lacta

299 2399 361 2461 est.
382 2389 488 2460 biberi
503 2387 578 2460 socii
599 2387 701 2458 Latini
720 2389 913 2480 plerumque
934 2389 992 2458 visi
1015 2387 1147 2460 luerunt
1169 2413 1228 2464 nac
1247 2393 1374 2464 dubitat

298 2512 408 2588 Cicero
424 2514 529 2589 dicere
547 2536 556 2582 ι
581 2513 727 2598 ‹Latini,
745 2514 842 2584 idest
859 2515 1005 2586 loederati
1020 2512 1046 2586 2.
1063 2544 1078 2582 ι

348 2669 415 2740 Hoc
428 2677 497 2740 erat
523 2667 619 2760 igitur
650 2689 768 2739 nomen
789 2668 952 2754 Latinum,
971 2689 1112 2760 quorum
1130 2669 1279 2762 ambigua
1294 2671 1375 2741 fides

300 2793 355 2862 diu
371 2793 429 2863 luit
446 2803 478 2864 ot
496 2793 635 2864 amicitia
660 2815 744 2884 saepe
763 2796 902 2884 potanda
929 2795 1039 2865 armis.
1073 2795 1165 2866 Ultro
1197 2796 1314 2867 Lucani
1343 2807 1376 2868 et

296 2916 408 3006 Apuli,
444 2918 499 3008 qui
527 2939 616 2988 arma
652 2917 804 3008 virosque
834 2916 967 3007 polliciti
998 2926 1102 3001 erant,
1138 2917 1170 2986 in
1202 2916 1374 2988 amicitiam

297 3048 456 3109 venerunt
468 3037 494 3108 ³.
521 3035 675 3120 Quaedam
690 3038 845 3120 civitates,
862 3046 899 3107 ut
913 3038 1078 3122 Heraclea,
1096 3041 1127 3108 iu
1146 3059 1243 3130 quam
1258 3039 1374 3111 ascribi

299 3182 334 3233 se
347 3163 448 3232 voluit
462 3162 609 3246 Archias,
627 3165 716 3234 ulad
732 3164 891 3234 civitatem
915 3163 1093 3233 Romanam
1108 3182 1147 3233 ar
1160 3163 1229 3254 lege
1256 3163 1375 3233 Silvani

299 3295 332 3358 ol
345 3285 502 3356 Carbonis
518 3286 711 3378 perveniret,
730 3286 918 3378 aequissimo
931 3285 1004 3376 jure
1019 3307 1086 3356 usae
1115 3295 1193 3355 sunt
1206 3283 1231 3354 4.
1261 3285 1374 3356 Auctis

297 3411 445 3495 viribus,
480 3411 699 3494 insolentius,
734 3411 916 3501 praesertim
946 3411 1166 3482 tumamoris
1193 3409 1373 3502 gentibus,

340 3787 440 3865 1Liv.‚
456 3807 478 3864 r,
494 3788 532 3848 at
543 3803 552 3863 ;
568 3785 653 3846 Dion.
671 3784 750 3861 Hal,
768 3801 811 3862 ru,
829 3787 876 3846 28.

338 3926 425 3985 arro
439 3921 545 3998 Bulbo,
561 3939 634 3982 ιιιιιιι
648 3932 674 3982 et
689 3939 768 3982 xxiv.
783 3917 912 3982 -Conb
931 3918 993 3980 Liv.
1011 3937 1043 3996 rr,
1060 3921 1109 3997 3l,
1126 3921 1158 3981 tl
1173 3939 1181 3997 3
1198 3918 1283 3980 Dion.
1297 3919 1375 3998 Hal,

299 4033 340 4092 vr,
354 4015 392 4075 95
402 4033 410 4092 3
435 4032 499 4090 vui,
515 4014 564 4089 69,
580 4011 629 4072 72.

337 4149 350 4191 ³
364 4145 440 4224 Liv.‚
457 4165 520 4225 vrri,
536 4147 583 4206 25.

337 4281 351 4322 ⁴
365 4281 425 4340 Pro
440 4274 567 4354 Archia,
587 4294 624 4337 rr.
