3546 5454
871 607 1063 675 ..56-

472 743 508 816 ln
522 743 663 838 sullragii
673 745 747 839 jure
761 749 966 822 concedendo
987 753 1171 843 asperiores
1196 755 1329 827 luerunt
1346 755 1496 828 Romani.

423 869 543 940 latinis
566 869 676 942 Romae
702 872 815 944 incelis
844 875 994 968 suffragia
1023 876 1107 948 lerre
1137 879 1208 949 sine
1238 878 1340 951 dubio
1366 879 1457 950 licuit
1470 876 1496 950 ¹.

422 991 618 1087 Plerumque
648 1015 723 1068 reru
759 996 867 1070 civitas
896 998 967 1071 sine
995 999 1147 1093 suffragio
1184 1001 1301 1075 Italicis
1346 1003 1498 1096 gentibus

421 1115 570 1191 dabatur.
586 1116 769 1211 Campanis,
795 1122 872 1215 quia
892 1142 966 1195 cum
993 1124 1102 1197 latinis
1131 1126 1288 1199 rebellare
1310 1129 1495 1212 noluerant,

418 1241 583 1316 Fundanis
599 1243 859 1339 Formianisque,
880 1247 969 1339 qued
984 1267 1043 1339 per
1071 1267 1186 1320 eurum
1215 1248 1298 1321 fines
1318 1258 1387 1321 tuta
1402 1271 1496 1341 pace·

417 1376 515 1461 taque
532 1388 663 1461 semper
676 1366 725 1440 ria
743 1369 861 1455 luerat,
878 1371 1000 1454 ciuitas,
1025 1370 1095 1443 sine
1116 1373 1267 1465 suffragiu
1296 1383 1419 1458 tamen,
1450 1387 1499 1448 est

418 1510 568 1565 concessa
580 1490 607 1565 ².
634 1493 758 1567 Deinde
776 1515 892 1567 eurum
918 1496 1028 1567 minus
1055 1495 1121 1567 lida
1136 1497 1275 1568 amicitia
1300 1499 1373 1570 luit.
1399 1499 1495 1585 Nam,

416 1635 492 1688 cum
510 1616 752 1690 Priuernatibus
769 1618 933 1690 Romanus
947 1617 1033 1690 bello
1053 1618 1290 1691 lacessentibus
1307 1640 1342 1692 sc
1357 1621 1494 1693 sociant.

414 1739 490 1812 llcr
524 1761 600 1813 uero
627 1752 721 1814 urant
750 1743 891 1824 reniam,
923 1761 1036 1834 quam,
1068 1750 1142 1830 post
1169 1740 1383 1828 deditionem,
1409 1744 1496 1816 obti-

416 1875 506 1938 nent.
542 1867 702 1959 Deinceps
732 1867 766 1937 in
795 1867 960 1939 Romanus
987 1866 1179 1938 meriturum
1214 1870 1372 1941 memoria
1401 1870 1497 1942 unice

414 1990 652 2064 semanlultt
684 1992 732 2064 De
746 1991 926 2063 Formianis
957 1988 1187 2084 Fundanisque
1216 1993 1437 2085 municipibus
1464 2004 1496 2065 et

412 2118 624 2211 Arpinatibus
638 2119 786 2193 Valerius
810 2121 934 2212 Tappo,
965 2119 1117 2190 tribunus
1142 2119 1246 2210 plebis
1262 2121 1491 2213 promulgarit,

411 2247 514 2320 utilis
532 2249 764 2343 suffragiilatic
785 2247 873 2342 (nam
900 2259 994 2319 antea
1024 2247 1093 2318 sine
1128 2247 1280 2339 suffragio
1309 2247 1494 2318 habuerant

412 2373 588 2469 ciuitatem)
617 2384 715 2446 esset.
748 2373 830 2444 Huic
854 2372 1013 2464 rogationi
1045 2381 1186 2464 quatuor
1217 2372 1340 2443 tribuni
1371 2370 1491 2464 plebis,

412 2499 571 2592 quianon
599 2520 638 2571 er
654 2498 844 2570 auctoritate
862 2506 994 2568 senatus
1019 2497 1172 2581 lerretur,
1206 2516 1279 2568 cum
1309 2496 1491 2568 intercede·

408 2631 494 2706 rent,
509 2623 615 2695 educti
629 2623 741 2714 populi
757 2643 843 2706 esse,
863 2642 930 2694 nnn
952 2632 1084 2693 senatus
1106 2623 1173 2714 jus,
1204 2622 1393 2714 suffragium
1414 2621 1490 2712 qul-

409 2746 472 2817 bus
498 2745 575 2817 velit
603 2746 774 2837 impertiri.
807 2747 1004 2819 destiterunt
1031 2746 1173 2837 inceptu.
1215 2745 1351 2837 Rogatio
1393 2744 1493 2836 igitur

411 2871 610 2961 perlataest,
628 2880 664 2940 ut
686 2870 718 2939 in
746 2870 876 2941 AEmilia
899 2871 986 2941 tribu
1009 2871 1171 2941 Formiani
1200 2869 1428 2960 Fundanique,
1457 2867 1491 2937 in

413 2994 562 3067 Cornelia
580 2993 765 3086 Arpinates,
792 2995 980 3088 suffragium
1008 2996 1144 3066 lerrent.
1173 2992 1282 3085 Atque
1306 2993 1338 3063 in
1362 2993 1412 3063 bis
1433 2992 1491 3062 tri·

413 3121 523 3194 bubus
542 3130 612 3192 tum
628 3119 770 3211 primum
788 3141 826 3192 en
840 3119 968 3191 Valerio
985 3119 1154 3210 plebiscito
1172 3119 1260 3191 censi
1277 3126 1354 3190 sunt
1367 3116 1393 3188 4.

450 3480 461 3524 1
477 3480 591 3540 Etenim
606 3478 659 3540 hnc
673 3497 688 3540 e
703 3477 825 3540 diversis
850 3476 1021 3558 scriptorum
1045 3474 1116 3536 locis
1134 3486 1252 3538 conset.
1281 3477 1364 3538 Titus
1379 3475 1489 3552 Livius,

409 3567 429 3630 l.
447 3586 516 3644 xxv,
533 3585 557 3627 c.
577 3569 605 3644 3,
622 3568 662 3628 ait
684 3588 691 3629 :
720 3589 734 3626 u
755 3567 884 3628 Tribuni
902 3565 1053 3645 populum
1075 3563 1295 3626 submoverunt
1313 3565 1491 3644 cistellcquc

408 3656 506 3717 alluta
518 3663 562 3717 est
575 3663 609 3718 ut
619 3657 808 3718 sortirentur
821 3654 873 3716 uba
888 3653 994 3714 Latini
1007 3651 1162 3734 suffruqiu
1175 3651 1305 3733 ferrent.
1324 3674 1339 3712 u
1355 3687 1395 3698 -
1404 3651 1487 3714 Conl.

407 3747 494 3825 App..
513 3743 540 3804 b.
557 3746 630 3820 clu„
646 3764 668 3819 r,
684 3747 732 3805 u3.
748 3744 793 3804 Er
807 3742 868 3823 lege
885 3741 1050 3803 Malacitana
1064 3739 1080 3819 ἓ
1096 3743 1133 3802 53
1159 3760 1167 3803 :
1194 3763 1209 3800 c
1241 3742 1430 3822 Quicumque
1455 3742 1490 3801 ic

408 3853 440 3897 eo
455 3831 626 3910 municipio
637 3832 765 3893 comella
779 3830 913 3908 babebit,
928 3848 969 3891 em
992 3829 1091 3891 curiis
1111 3836 1194 3892 sorte
1217 3829 1319 3891 ducito
1333 3847 1441 3906 unum,
1455 3829 1491 3889 iu

406 3946 467 4008 quu
489 3925 610 3997 inculca,
643 3921 698 4002 qui
725 3922 807 3982 cives
840 3920 972 3982 Romani
1004 3919 1145 3982 Luteciae
1168 3925 1269 3996 munt,
1298 3916 1489 3999 suffrcqium

408 4014 524 4096 ferunt.
551 4035 565 4072 a

447 4121 552 4198 tuin,
568 4138 638 4195 rur,
656 4119 701 4178 ll.

447 4228 518 4290 ³1d.
536 4224 623 4303 tutu„
643 4227 691 4286 lc.

445 4335 528 4411 tid,
543 4352 667 4410 xrurrrr,
682 4335 729 4393 36.
