3546 5454
809 617 999 710 ..20⁵-

363 779 383 830 a
413 758 573 847 nolnmnis
601 758 760 838 Heroulis.
791 762 870 837 dam
897 775 1033 860 angusto
1066 773 1172 860 spatio
1199 767 1240 840 ab
1274 767 1440 858 Hispaniae

363 883 471 958 littore
485 885 639 959 diuiditur
653 895 690 960 ut
705 889 842 962 flumine
856 911 875 963 a
888 893 1067 964 eontinenti
1081 893 1225 965 abscissa
1240 913 1312 966 esse
1327 891 1438 968 ridea-

364 1016 429 1082 tnr.
455 1009 591 1085 Duobus
609 1014 843 1106 promontoriis
871 1015 904 1087 in
931 1017 1034 1090 altum
1062 1017 1227 1109 procurrit
1249 1028 1282 1090 et
1312 1019 1376 1090 lert
1404 1017 1438 1088 in

362 1135 463 1210 altero
475 1154 580 1210 ,cornu
593 1139 756 1231 templum
768 1140 896 1212 illustro
908 1139 1068 1214 Herculis.
1086 1140 1224 1214 Gadium
1239 1163 1358 1214 nomen
1378 1142 1440 1214 tuit

362 1261 449 1352 apud
462 1261 634 1338 Phoenicas
648 1271 682 1336 et
694 1263 813 1338 Poenos
826 1245 975 1349 duero,
994 1265 1105 1351 Godir,
1123 1275 1155 1337 et
1170 1275 1311 1357 septum,
1332 1267 1441 1338 locum

363 1386 467 1466 muris
497 1394 707 1478 protentum,
749 1388 810 1460 hoo
844 1388 946 1460 verbo
978 1388 1150 1482 significari
1188 1390 1441 1462 observaverunt

363 1511 561 1604 complures,
578 1522 615 1584 ut
626 1511 812 1606 dionysius,
830 1513 969 1604 exempli
984 1513 1085 1606 gratia
1100 1510 1126 1584 1.

410 1633 545 1710 Constat
567 1637 650 1710 hano
674 1637 790 1710 urbam
819 1658 839 1708 a
866 1637 971 1730 Tyriis
999 1657 1072 1710 esse
1100 1639 1266 1710 conditam
1293 1646 1440 1731 tempore

362 1761 495 1856 quidem
520 1761 643 1836 incerto
670 1763 800 1835 Herouli
832 1771 1052 1837 oonseoratam
1069 1782 1153 1851 asse,
1179 1763 1272 1856 ouy'us
1300 1763 1439 1856 effigiem

361 1887 395 1959 in
408 1886 536 1960 assibus
553 1887 697 1980 reperire
716 1896 765 1960 est
779 1885 805 1959 2.

407 2010 610 2085 Commeroio
638 2033 676 2084 eo
702 2013 821 2085 divitiis
850 2012 1069 2084 celeberrime
1098 2013 1230 2084 inerunt
1255 1992 1364 2086 Gades
1391 2021 1437 2095 et,

360 2137 507 2230 quamvis
521 2137 659 2208 minimo
677 2137 780 2227 spatio
797 2137 925 2220 clausae,
943 2131 1228 2231 frequentissimae,
1242 2133 1324 2207 Cum
1342 2136 1440 2206 nimis

360 2260 473 2352 exigua
506 2260 586 2332 urbs
612 2269 711 2343 esset,
741 2261 790 2331 vir
818 2260 966 2352 quidam,
998 2260 1130 2332 nomine
1146 2260 1277 2344 Balbus,
1305 2261 1439 2331 alteram

359 2382 517 2468 condidit,
543 2384 594 2456 oui
621 2404 742 2456 nomon
761 2384 872 2456 datum
902 2394 952 2458 est
968 2385 1059 2456 Nouo
1085 2392 1142 2455 aut
1168 2386 1306 2474 Didymo
1334 2381 1437 2478 (qnasi

361 2507 446 2582 dioas
475 2504 628 2594 Gemino).
667 2506 837 2582 Strabonis
864 2516 971 2595 etate,
990 2509 1159 2603 quingenti
1190 2511 1318 2603 equites
1352 2509 1440 2581 oensi

398 2891 409 2938 1
424 2889 584 2972 Hesychius
596 2889 628 2951 in
642 2891 733 2968 Len„
749 2889 917 2971 «γαδρείραιι
932 2892 965 2954 τὰ
977 2891 1173 2972 περιφράγματα
1187 2910 1249 2954 osse
1262 2891 1436 2956 ait-Goni.

358 2979 443 3043 Dion.
468 2978 547 3058 Hah,
574 2979 674 3059 Epist.
704 2979 746 3042 ad
773 2978 1181 3062 Ammoeuot,1,l:rpulpn<
1204 2980 1314 3060 γαδικαί.
1338 3016 1376 3027 -
1399 2982 1441 3041 ΒΘ

357 3067 494 3148 Gadibus,
509 3071 547 3131 V.
564 3067 681 3130 Gesonii
698 3066 900 3147 Theodorum,
918 3087 945 3150 p.
961 3070 1037 3148 669,
1054 3069 1182 3151 ejusdem
1196 3071 1363 3150 arrepturae
1379 3069 1442 3131 lin-

356 3157 886 3242 qoopueltltceoo'oiaemooomeoto,
903 3175 931 3238 p.
949 3159 1016 3220 305.
1044 3158 1175 3220 Booharti
1199 3159 1302 3238 Geogr.
1333 3176 1441 3223 saonam

357 3268 380 3327 1,
395 3251 444 3311 et.
458 3284 497 3295 -
507 3246 589 3310 Gonl.
607 3247 780 3324 Esdras,1x‚
797 3249 834 3324 93
851 3244 958 3323 Strab,
974 3244 994 3308 l.
1011 3265 1057 3324 111,
1072 3246 1139 3308 edit.
1156 3246 1315 3325 Gasaubon,
1325 3266 1352 3328 p.
1367 3249 1441 3310 668-

358 3337 424 3399 ttt.
442 3335 591 3400 Pausaniae
605 3334 756 3398 vidobatnr
770 3335 883 3416 Geryon
897 3334 1025 3397 Gadibus
1038 3335 1156 3413 vixisse,
1178 3335 1309 3417 quamvis
1323 3335 1437 3398 nullum

357 3425 420 3508 eins
434 3425 707 3488 raimonnmentum
730 3435 841 3486 eertum
865 3436 949 3487 esset.
971 3426 1006 3488 V.
1023 3443 1046 3502 1,
1062 3427 1111 3504 36,
1128 3427 1158 3501 8,
1174 3436 1201 3486 et
1215 3445 1245 3503 x,
1262 3427 1294 3503 l,
1308 3429 1337 3486 6.
1353 3423 1438 3487 niod.

354 3514 427 3599 She,
444 3533 485 3591 ιι,
500 3513 535 3592 7;
553 3515 651 3599 Pomp.
668 3509 751 3591 Mel,
769 3515 815 3574 De
828 3513 892 3574 sito
905 3512 999 3590 orbis,
1016 3532 1062 3590 ιιι,
1080 3518 1120 3591 6,
1144 3514 1261 3575 Festum
1284 3512 1441 3592 brienum,

357 3602 510 3682 Descript.
525 3599 620 3678 orbis,
636 3602 707 3678 268,
724 3603 792 3670 665,
821 3635 860 3647 -
887 3598 956 3662 Sall.
978 3601 1092 3681 fragm,
1109 3599 1184 3682 apud
1199 3600 1305 3680 Prisc,
1322 3601 1351 3680 5,
1367 3604 1437 3679 668,

357 3694 426 3753 698.
445 3690 535 3768 Plin,
548 3708 582 3768 ιι,
596 3695 626 3767 6,
639 3688 679 3766 73
703 3706 743 3767 ir,
758 3691 808 3767 36,
823 3699 877 3750 eto.

393 3795 494 3857 2Stant
507 3793 530 3855 ii
545 3790 632 3854 trium
646 3808 793 3872 generum.
811 3794 845 3853 In
859 3789 972 3872 primis,
996 3804 1112 3873 apparet
1133 3791 1251 3854 Hroulis
1273 3803 1358 3875 eaput
1383 3793 1440 3855 im·

354 3883 450 3963 herbe,
466 3882 579 3946 exuviis
593 3880 684 3944 leonis
703 3890 809 3943 motum
822 3879 858 3942 ad
882 3879 1039 3960 sinistram,
1070 3900 1142 3964 pone
1170 3881 1250 3944 olava
1260 3901 1270 3961 ;
1299 3883 1331 3945 in
1344 3900 1443 3946 aversa

357 3974 429 4037 faeie
442 3974 499 4036 dno
514 3970 627 4053 thynni,
644 3968 701 4031 situ
715 3965 861 4050 parallelo,
871 3967 952 4031 inter
965 3987 1013 4030 eos
1036 3967 1136 4032 lunula
1156 3981 1185 4033 et
1206 3968 1339 4050 globulus
1351 3980 1379 4032 ot
1392 3969 1441 4031 lit-

357 4074 417 4125 tera
431 4085 459 4139 α,
475 4079 540 4123 oum
561 4059 607 4121 his
623 4055 788 4120 ¹verbiszil
811 4055 931 4118 civibus
955 4055 1097 4120 Gadium.
1127 4061 1161 4120 In
1184 4057 1329 4137 seonndis,
1357 4069 1442 4139 oapnt
1480 4101 1484 4114 .

358 4151 503 4232 Herculis,
534 4167 606 4230 pone
634 4145 794 4228 Delphinus
819 4144 935 4208 tridenti
961 4144 1129 4228 implicitus,
1157 4166 1225 4209 oum
1249 4146 1296 4210 his
1317 4147 1438 4210 verbis:

361 4241 635 4320 dlvitosdludium.
649 4242 686 4310 ln
700 4237 803 4316 tertiis,
823 4249 908 4319 eaput
931 4238 1085 4318 xHoroulis;
1111 4238 1142 4301 in
1170 4237 1324 4320 poterion
1347 4249 1437 4320 parto,

359 4335 486 4416 thynnus
500 4329 535 4392 ad
554 4327 713 4392 dextoram.
