3546 5454
830 617 878 632 ...
903 581 950 650 50
976 613 1023 629 ..

427 729 521 802 Haud
544 747 689 820 semper,
721 737 896 822 postquam
926 751 965 802 ex
994 730 1086 823 justo
1110 726 1241 799 servitiu
1268 722 1462 796 manumissi

380 866 485 942 erant,
502 855 584 930 servi
604 857 763 929 civitatem
778 857 875 929 simul
897 867 995 951 atque
1023 857 1206 930 libertatem
1238 850 1464 944 adipisceban-

380 991 447 1053 tur.
465 981 509 1054 Ut
523 981 567 1052 ita
580 979 686 1066 fieret,
705 1001 838 1055 necesse
852 970 922 1056 erat
937 992 973 1054 ut
989 982 1143 1055 deminus
1170 1000 1300 1054 servum
1324 1000 1364 1050 en
1387 981 1463 1071 J'ure

378 1103 554 1190 Quiritium
567 1103 700 1176 haberet
715 1104 890 1197 civitasque
907 1125 1029 1177 novum
1045 1105 1145 1178 civem
1165 1102 1296 1196 juberet
1310 1103 1427 1174 ascribi
1451 1129 1459 1174 :

381 1230 471 1322 quod
497 1249 560 1300 usu
588 1229 751 1314 ueniebat,
777 1251 891 1315 censu,
921 1231 1073 1315 vindicta,
1104 1238 1312 1302 testamento.
1338 1229 1462 1301 Deinde

390 1353 515 1446 iegibus
531 1353 614 1425 AElia
627 1353 739 1426 Sentia
754 1375 791 1426 ac
810 1355 894 1426 Juiia
909 1355 1061 1428 Norbana
1073 1356 1159 1439 latis,
1177 1361 1245 1426 tres
1270 1356 1463 1427 libertorum

381 1476 514 1548 ordines
530 1476 671 1548 distincti
686 1484 765 1548 sunt
784 1481 917 1562 riberti,
936 1479 992 1570 qui
1006 1477 1154 1550 libertate
1180 1499 1218 1551 ac
1244 1478 1378 1550 civitatis
1390 1477 1464 1569 jure

382 1596 480 1668 simul
498 1595 675 1682 fruuntur;
705 1601 844 1684 dediticii,
865 1599 921 1692 qui
935 1599 1085 1672 libertate
1100 1607 1250 1685 tantum;
1281 1602 1383 1670 Latini
1405 1603 1465 1670 ἔτι»

381 1723 481 1804 emet,
499 1720 620 1814 quibus
637 1741 704 1793 nen
720 1722 852 1795 libertas
865 1725 978 1810 mede,
994 1744 1108 1797 rerum
1123 1725 1221 1797 etiam
1231 1725 1339 1797 aditus
1354 1724 1466 1816 plures

381 1845 424 1916 ad
440 1846 601 1919 civitatem
620 1846 832 1920 obtinendam
848 1849 979 1919 dantur.
995 1848 1058 1932 Qui
1072 1850 1205 1941 quidem
1222 1841 1349 1935 militia,
1369 1869 1463 1932 naue,

384 1969 534 2056 aedificio,
564 1970 717 2062 pistrino,
752 1972 935 2058 iteratione,
962 1973 1089 2057 liberis,
1105 1971 1265 2044 beneficio
1295 1971 1466 2064 principaii

384 2094 469 2168 cives
484 2093 607 2167 fiebant
622 2091 645 2165 ¹.

432 2245 525 2318 Tanti
540 2267 616 2318 rere
632 2245 720 2337 apud
734 2243 886 2338 antiques
901 2247 1042 2338 populus
1066 2247 1175 2320 civitas
1197 2247 1344 2320 Romana
1366 2249 1465 2321 babe-

384 2368 480 2441 batur
497 2377 534 2439 ut
550 2367 635 2440 baud
649 2387 722 2437 rare
740 2367 864 2440 externi
897 2387 969 2439 sese
996 2368 1152 2441 Romanis
1171 2355 1350 2442 uenderent
1366 2369 1466 2442 serri-

385 2513 450 2586 que
466 2493 596 2576 fierent,
623 2513 660 2563 ac
674 2492 825 2565 deindea
843 2493 976 2565 demine
1003 2496 1213 2580 manumissi,
1240 2503 1386 2586 optatum
1411 2495 1466 2587 J'us

303 2658 307 2664 ι
385 2599 589 2689 obtinerent,
603 2617 688 2702 Quin
704 2619 801 2690 etiam
815 2613 935 2692 liberes
953 2641 1030 2693 sues
1054 2619 1295 2714 quibusquibus
1314 2620 1468 2692 Romanis

385 2740 548 2832 mancipio
565 2741 685 2812 dabant
700 2741 733 2811 in
756 2762 828 2814 eam
845 2744 1065 2818 conditionem
1093 2754 1130 2816 ut
1159 2746 1468 2821 manumitterentur

385 2855 595 2960 libertinique
609 2866 692 2940 cives
708 2877 819 2940 essent
832 2866 857 2940 ⁹.
874 2854 880 2859 ’

384 3053 387 3060 ¹
434 3015 530 3089 lnrtic
557 3019 612 3110 jus
643 3017 779 3089 civitatis
809 3018 1086 3090 communicandae
1114 3038 1216 3111 penes
1250 3040 1341 3114 reges
1368 3022 1468 3094 tuisse

387 3141 563 3214 credimus.
584 3142 701 3250 Pestea
717 3143 861 3233 populus
877 3143 939 3214 sibi
951 3143 1006 3234 jus
1020 3143 1101 3215 illud
1116 3144 1287 3216 vindicavit
1298 3145 1470 3218 ciuitatem·

387 3287 452 3362 que
469 3267 570 3354 dedit,
586 3275 643 3341 aut
659 3288 719 3362 per
734 3267 854 3360 legem,
871 3275 926 3338 aut
941 3287 1000 3359 per
1022 3267 1243 3360 plebiscitum,
1273 3271 1469 3374 pierumque

385 3661 550 3738 Pericl.,c.
567 3662 616 3723 55.
642 3693 680 3706 -
708 3662 766 3723 Lex
791 3659 827 3722 de
851 3656 925 3723 natis
940 3679 976 3724 ex
989 3661 1126 3723 alterutro
1150 3661 1310 3743 peregrine,
1340 3664 1469 3742 Auguste

388 3745 522 3833 regnante
542 3749 606 3828 lata,
622 3768 687 3830 quae
714 3749 820 3812 dicitur
847 3749 966 3828 Mensia,
991 3750 1079 3813 AEtiae
1106 3751 1212 3814 Sentiae
1229 3751 1283 3832 legi
1298 3751 1337 3814 ita
1352 3751 1468 3830 similis,

389 3853 422 3903 ut
434 3840 532 3903 eadem
547 3852 631 3920 atque
644 3837 693 3903 iila
706 3857 769 3902 esse
779 3839 921 3918 videatur,
936 3838 1016 3921 jubet
1030 3840 1122 3902 civem
1146 3859 1182 3902 ex
1205 3840 1316 3903 duobus
1343 3841 1471 3924 parenti-

387 3929 441 3992 bus
454 3928 566 3991 civibus
584 3927 683 4006 nasci,
711 3947 748 3990 ex
760 3927 896 3992 alterutro
920 3941 1015 3992 autem
1043 3928 1194 4011 peregrino
1208 3942 1306 3993 natum
1321 3929 1471 3993 deterioris

389 4017 515 4102 parentis
527 4017 718 4080 conditionem
734 4017 825 4099 sequi.

432 4155 441 4194 ¹
459 4151 539 4235 Uip,
555 4173 609 4232 1n;
625 4151 724 4232 Gaius,
740 4171 762 4231 1,
781 4153 889 4234 idsqq.
904 4171 913 4231 ;
930 4156 968 4244 bd
984 4172 1047 4234 sqq.

431 4285 536 4364 2Lir.,
551 4287 769 4366 xt1,8;Petr.,
785 4287 864 4366 Set,
881 4286 940 4366 573
956 4287 1089 4365 Sueten,
1105 4289 1194 4368 Nera,
1209 4291 1258 4354 ii.
