3546 5454
846 630 1035 700 ..54-

403 778 532 872 quolex
545 780 609 850 leta
622 787 729 863 esset,
749 779 948 854 domicilium
971 783 1005 853 in
1031 780 1120 853 ltalia
1144 783 1301 854 baberent
1329 788 1362 851 et
1388 779 1472 852 intra

399 904 486 976 diem
499 903 734 996 sexageslmum
753 905 891 996 professi
904 908 992 1000 apud
1007 915 1180 998 praetorem
1195 906 1334 979 luissent
1348 904 1373 977 ¹.

445 1051 488 1126 Ut
515 1051 675 1124 civitatem
704 1054 913 1126 conterebant
942 1054 1080 1127 Romani
1106 1057 1154 1127 rel
1186 1062 1300 1139 totam,
1330 1055 1381 1128 vel
1408 1073 1468 1144 pro

400 1189 491 1271 parte
507 1189 647 1261 tautum,
675 1179 720 1251 ita
752 1179 951 1273 singillatim,
980 1179 1103 1262 idest,
1133 1181 1269 1272 singulis
1298 1180 1387 1265 uiris,
1417 1188 1474 1250 aut

398 1304 557 1378 universis
572 1304 700 1397 oppidis
713 1302 740 1375 2.
770 1303 869 1378 Parce
885 1325 922 1377 ea
937 1305 1105 1399 largitione
1120 1307 1264 1398 primum
1288 1306 1339 1378 usi
1358 1307 1470 1391 loere3

400 1430 558 1522 quosdam
573 1429 635 1500 sihi
655 1428 840 1521 alligabant,
870 1450 936 1523 quo
965 1429 1087 1502 lucillus
1113 1431 1227 1502 ceteris
1259 1433 1469 1522 imperarent.

398 1553 600 1646 Frequenter
614 1554 714 1640 onim,
735 1554 767 1625 in
796 1553 915 1639 Sicilia,
941 1556 1077 1647 exempli
1103 1557 1217 1648 gratia,
1236 1557 1390 1650 quoniam
1408 1557 1472 1628 rim

399 1686 497 1769 atque
515 1687 707 1767 potestatem
722 1663 894 1773 ‘'cuiusque
919 1679 1053 1751 ciuitatis
1069 1689 1201 1752 senatus
1217 1679 1356 1752 habebat
1385 1681 1473 1773 iique

400 1802 532 1873 demum
548 1809 820 1876 senatorcserant
836 1806 893 1898 qui
916 1803 1034 1897 opibus
1063 1814 1118 1876 aut
1148 1823 1266 1897 genere
1293 1804 1473 1894 plurimum

399 1929 555 2012 valerent,
584 1928 644 1998 bos
666 1929 809 2018 primum
830 1931 1001 2023 privilegiis
1029 1940 1061 2002 ot
1088 1929 1281 2012 bonoribus,
1297 1931 1346 1999 rel
1377 1938 1473 2002 etiam

400 2053 473 2125 data
503 2054 644 2137 civitate,
675 2057 812 2127 Romani
842 2055 1012 2128 conciliare
1041 2055 1103 2127 sibi
1119 2056 1267 2126 solebant
1280 2053 1306 2125 ³.
1337 2053 1475 2127 Multum

400 2186 509 2250 autem
536 2178 672 2251 interest
705 2190 817 2252 utrum
847 2179 981 2271 singulis
1008 2179 1217 2263 bominibus,
1248 2201 1289 2250 an
1321 2180 1474 2252 uniuerso

402 2301 524 2393 popolo
540 2302 648 2373 ciuitas
663 2302 736 2375 data
750 2305 805 2376 sit.
837 2301 871 2372 Si
886 2302 1021 2393 singulis
1047 2302 1234 2376 bominibus
1251 2304 1350 2376 modo
1366 2305 1473 2390 detur,

402 2447 468 2498 non
483 2427 523 2498 ad
539 2447 653 2499 eorum
671 2428 757 2500 bona
770 2428 802 2499 id
819 2429 960 2518 pertinet
978 2453 987 2497 ε
1007 2449 1045 2501 ex
1068 2450 1133 2522 quo
1148 2429 1185 2500 fit
1207 2439 1244 2502 ut
1258 2431 1379 2521 praedia
1402 2450 1476 2520 pro-

398 2551 543 2623 vincialia
569 2561 733 2636 maneant,
766 2574 841 2625 cum
868 2554 930 2645 ipsi
962 2554 1085 2625 domini
1128 2555 1210 2627 cives
1237 2557 1373 2628 Romani
1398 2557 1475 2628 lacti

399 2677 486 2762 sint;
516 2677 565 2748 sin
593 2685 703 2748 autern
730 2677 855 2770 integro
874 2678 969 2749 alicui
1001 2680 1124 2770 populo
1152 2681 1214 2752 hoc
1240 2683 1395 2754 eximium
1420 2683 1476 2773 jus

400 2801 602 2886 conceditur,
621 2821 686 2872 non
701 2803 800 2874 modo
820 2822 933 2874 omnes
949 2805 1005 2897 qui
1020 2824 1059 2876 eo
1084 2814 1230 2898 tempore
1259 2807 1357 2900 hujus
1384 2806 1476 2878 urbis

399 2927 481 2999 circs
498 2937 575 2998 sunt
596 2948 669 2999 cum
697 2950 809 3000 eorum
827 2930 967 3019 posteris
985 2930 1082 3001 simul
1099 2931 1257 3004 civitatem
1272 2953 1478 3025 consequun-

400 3062 465 3133 tur,
490 3052 547 3122 sed
575 3071 689 3124 omnes
715 3054 812 3124 etiam
841 3054 897 3146 qui
927 3062 1040 3145 postea
1068 3055 1102 3125 in
1125 3057 1180 3126 tali
1209 3057 1331 3148 oppido
1360 3057 1475 3129 civium

367 3261 371 3268 ι
401 3193 551 3260 numero,
563 3177 653 3268 justo
669 3179 780 3263 modo,
800 3178 1004 3251 ascribentur
1019 3179 1046 3251 ⁴.

415 3395 417 3402 .
442 3326 554 3421 ltaque
568 3348 696 3400 summa
712 3339 780 3402 arte
812 3331 947 3419 praemia
971 3331 1112 3401 variabat
1134 3341 1265 3405 senatus
1295 3333 1475 3427 diguitatis·

398 3471 462 3543 que
476 3453 567 3546 quasi
582 3454 699 3547 gradus
716 3455 933 3528 constituebat
965 3457 1051 3528 inter
1077 3476 1147 3540 eos,
1177 3477 1260 3550 quos
1281 3459 1322 3530 ad
1340 3479 1473 3550 rempu-

441 3815 526 3877 ¹Pro
541 3813 669 3893 Archia,
686 3835 728 3894 ur,
745 3816 774 3879 7.

438 3951 542 4027 aliu,
558 3968 605 4028 111,
621 3953 670 4014 29.

439 4079 452 4122 ³
467 4080 504 4139 Io
522 4081 618 4157 Verm,
635 4099 677 4157 rr,
693 4081 739 4158 ll,
758 4079 806 4159 l7,
821 4084 870 4145 dd.
888 4119 927 4130 —
940 4083 1022 4146 Conl.
1040 4087 1166 4165 Daroste,
1182 4089 1227 4150 Do
1238 4085 1341 4168 formo
1354 4095 1385 4150 et
1398 4107 1473 4154 ooo-

401 4167 516 4230 ditionc
530 4169 658 4246 Siciliae,
676 4187 704 4250 p.
721 4172 770 4232 20.

441 4303 454 4344 4
469 4303 529 4363 Pro
544 4303 671 4383 Archia,
688 4326 729 4384 rr,
746 4312 774 4368 6.
