3546 5454
743 655 957 723 -ta-·

314 799 416 890 quitto
434 801 520 871 enim
539 802 618 872 fides
633 801 777 873 iacienda
798 811 860 885 ast,
886 803 927 873 da
954 798 1079 874 Causam
1095 801 1200 873 libros
1220 787 1350 891 scripsit
1362 795 1389 867 ¹.

313 921 467 1012 Epistulae
493 924 563 1014 ejus
589 925 742 1018 leguntur
769 927 801 996 in
826 911 999 999 tinnitu
1025 928 1160 1002 Atticum
1176 913 1209 998 et
1232 927 1279 996 Ad
1296 927 1392 1014 fami·

315 1045 449 1121 tiureff.
628 1043 632 1051 ⁸
957 1111 959 1119 ,
1395 1054 1397 1060 ’

366 1172 484 1244 Bathus
498 1182 610 1244 noster
623 1147 754 1246 vocatur
769 1195 902 1268 quaqua
927 1174 1047 1248 Balbus
1073 1176 1190 1266 major,
1220 1179 1258 1248 ut
1287 1167 1394 1248 seder·

316 1305 413 1366 natur
430 1317 448 1366 a
464 1273 562 1367 Batbn
578 1297 717 1382 minore,
735 1298 842 1369 fratris
858 1298 924 1369 filio
938 1297 965 1369 ³.
994 1298 1056 1383 Qui
1073 1300 1207 1392 quidam
1231 1300 1271 1371 da
1298 1298 1396 1369 Gara·

316 1419 495 1503 maninus,
516 1442 547 1490 a.
567 1393 652 1504 im,
670 1421 878 1511 triumphavit
891 1430 989 1513 atque
1006 1422 1050 1492 na
1078 1423 1197 1493 natans
1219 1420 1395 1492 abundant

319 1552 368 1631 ut,
385 1545 453 1615 suis
470 1545 670 1635 sumptibus
687 1545 800 1638 ingens
828 1547 1005 1629 theatrum,
1035 1549 1142 1640 majus
1170 1546 1268 1619 etiam
1295 1551 1403 1638 quam

320 1663 595 1761 quaeaP'ompaio
624 1681 656 1742 at
682 1671 722 1741 ab
750 1669 897 1764 Augusto
913 1681 1098 1748 constructa
1112 1682 1202 1758 sunt,
1227 1671 1260 1742 in
1282 1690 1394 1762 campo

320 1795 720 1888 Martioarigtcuravarit.
1394 1805 1408 1816 ’

402 3045 580 3118 Veniamus
610 3067 698 3117 nunc
726 3047 765 3117 ad
797 3045 957 3117 civitatem
982 3045 1174 3137 Gaditanam
1207 3052 1240 3118 vet
1282 3045 1403 3138 quibus

325 3172 461 3242 uinculis
492 3172 628 3242 Romani
666 3193 740 3243 num
776 3171 943 3244 Gaditanis
969 3172 1209 3263 jungerentur,
1249 3173 1402 3245 demons·
1478 3266 1480 3270 Ι

327 3279 465 3368 tremus.
885 3307 887 3310 ’

387 3397 534 3491 Primum
566 3422 606 3492 da
632 3420 772 3493 Gadium
800 3422 866 3494 situ
896 3443 934 3493 aa
961 3421 1093 3494 nomina
1119 3423 1216 3494 uerba
1242 3423 1400 3496 iacienda.

325 3542 433 3616 Gades
446 3545 552 3616 insula
569 3545 627 3616 fuit
643 3547 684 3617 ad
698 3546 1104 3630 a'atremumoauidentem.
1120 3547 1403 3642 haudlnngissima
1505 3595 1508 3602 ,

370 3907 381 3950 1
396 3907 474 3968 Suet.
491 3909 581 3986 Coes,
596 3909 644 3969 st.

323 4013 716 4194 ]24ssddAtt.‚v111‚t5a;
740 4060 782 4120 1x,
798 4042 816 4102 7
830 4041 850 4102 b
860 4060 868 4120 ;
886 4042 934 4119 ⁴3,
949 4060 985 4119 a;
1015 4040 1064 4105 Ad
1076 4039 1195 4122 samii„
1223 4059 1286 4121 xm,
1301 4043 1351 4136 23,
1365 4041 1376 4106 i
1393 4062 1403 4122 ;

373 4179 381 4210 ‚
420 4178 426 4192 .

371 4267 384 4308 ⁸
399 4265 436 4329 V.
449 4262 573 4416 (dd-nidd,
584 4265 661 4328 tut.
679 4263 778 4342 Rom,
793 4264 810 4342 ἓ
824 4266 894 4342 209,
911 4264 940 4341 t,
951 4273 980 4324 at
992 4261 1060 4342 ma,
1076 4265 1094 4324 t
1108 4281 1116 4339 ;
1131 4263 1292 4344 Dmmunn,
1308 4265 1402 4343 GR„
1435 4275 1436 4278 ’

332 4373 367 4433 ιι,
383 4371 411 4436 p.
429 4359 446 4417 6
504 4359 521 4417 6
564 4399 571 4414 .
