3546 5454
760 634 952 704 „55-

368 781 413 853 Ex
430 783 528 854 rebus
546 783 753 873 supradictis
771 786 840 854 haec
854 785 1024 855 manifesta
1043 793 1216 876 apparent.
1247 783 1278 853 Si
1297 782 1394 854 Gadi-

318 917 430 979 tuuum
462 908 568 979 iuedus
594 918 716 981 attente
741 910 903 1000 inspicias,
934 908 1062 981 fatearis
1091 931 1222 981 necesse
1240 919 1289 981 est
1316 931 1391 982 vere

319 1028 426 1101 toedus
456 1050 522 1100 nun
552 1032 723 1103 exstitisse.
757 1032 888 1103 Etenim
925 1052 999 1103 curn
1030 1033 1221 1103 centurione
1262 1032 1394 1122 sponsio

318 1153 461 1244 primum
475 1153 557 1226 iacta
584 1175 603 1224 a
629 1163 745 1226 senatu
776 1155 895 1226 deinde
924 1155 1147 1237 confirmatur,
1181 1155 1395 1225 nullaautem

317 1277 387 1371 lege
404 1279 559 1350 sancitur.
575 1279 686 1362 Initio,
703 1280 859 1353 Romanis
871 1279 1020 1351 Gaditani
1035 1300 1107 1350 sese
1118 1279 1296 1362 dederant;
1318 1298 1393 1369 pus-

318 1411 381 1486 tea‚
401 1403 571 1475 obsidibus
587 1404 684 1488 datis,
701 1424 759 1496 pru
774 1405 886 1476 amicis
901 1404 1001 1475 habiti
1017 1412 1106 1474 suut.
1135 1402 1226 1473 Tunc
1250 1411 1324 1474 nata
1345 1412 1404 1502 est

316 1530 401 1600 iuter
417 1549 473 1600 ecs
489 1537 520 1599 et
536 1530 700 1602 Romanos
729 1531 882 1615 amicitia,
912 1532 983 1602 siue
1006 1529 1081 1600 belli
1099 1528 1266 1611 sacietate,
1284 1547 1342 1619 per
1355 1527 1391 1597 L.

316 1652 471 1725 Marcium
482 1655 607 1746 juncta.
623 1653 761 1730 Obsides
776 1657 929 1747 deinceps
945 1655 1129 1727 redduntur
1149 1673 1209 1725 nec
1225 1653 1398 1744 praefectus

315 1781 418 1851 Roma
431 1778 537 1851 Gades
559 1780 682 1851 missus
709 1792 771 1852 est.
789 1781 975 1864 Postremo,
993 1782 1133 1851 muitum
1149 1787 1223 1870 pust
1235 1778 1396 1870 temporis

315 1901 533 1983 interuallum,
553 1923 573 1972 a
594 1911 708 1974 senatu
735 1906 933 1994 postulatum
948 1905 1084 1976 veniunt
1097 1903 1245 1975 Gaditani
1259 1912 1297 1974 ut
1314 1905 1395 1974 ami-

315 2027 388 2098 citia
401 2027 561 2099 Marciana
583 2039 757 2101 renovetur
784 2054 792 2099 :
825 2031 913 2122 quud
939 2031 1073 2122 quidem
1104 2030 1313 2122 impetratum
1330 2037 1393 2101 est.

314 2153 405 2226 Tunc
418 2153 489 2225 siue
507 2154 607 2226 dubie
622 2156 746 2228 eisdem
764 2156 866 2228 ferme
881 2157 987 2228 verbis
1004 2158 1053 2228 usi
1071 2168 1147 2229 sunt
1162 2165 1260 2247 atque
1274 2166 1369 2227 autea
1386 2179 1393 2226 :

323 2305 337 2342 c
354 2279 410 2349 Pia
424 2289 456 2350 et
471 2289 592 2351 aeterna
606 2300 667 2371 pau
682 2281 736 2352 sit.
753 2281 952 2372 Maiestatem
970 2275 1080 2374 pupuli
1096 2282 1234 2353 Romani
1257 2281 1396 2352 comiter

315 2414 578 2475 conservante.»
615 2404 726 2498 itaque
751 2405 887 2476 minime
914 2427 1008 2498 aequo
1030 2407 1105 2498 jure
1131 2408 1171 2476 de
1193 2407 1255 2476 hcc
1270 2405 1394 2476 soedere

313 2548 388 2601 curu
412 2528 578 2600 Gaditanis
609 2541 740 2620 egerant
765 2531 917 2610 Romani,
950 2551 1010 2602 nec
1036 2531 1121 2602 cives
1154 2530 1304 2600 Gaditani
1334 2530 1395 2599 alia

312 2654 498 2729 conditione
529 2674 601 2726 esse
630 2665 780 2746 poterant
804 2665 902 2747 atque
929 2656 1070 2727 universi
1102 2656 1263 2728 faederati.
1296 2652 1394 2725 Nulla

312 2756 410 2872 igitur
425 2779 485 2850 fuit
498 2800 593 2850 causa
611 2799 669 2850 cur
682 2781 841 2853 civitatem
863 2781 1041 2852 Romanam
1059 2801 1125 2851 uun
1156 2781 1391 2871 adipisceretur

311 2903 430 2973 Balbus
444 2927 452 2986 ;
471 2905 516 2973 nil
531 2923 614 2992 opus
629 2914 697 2974 erat
714 2915 750 2976 ut
764 2906 901 2976 Romani
916 2907 1120 2997 magistratus
1135 2914 1255 2986 actum,
1276 2904 1308 2975 id
1327 2912 1389 2987 est,

310 3028 445 3100 Balbum
460 3049 478 3098 a
491 3029 646 3120 Pompeio
664 3030 788 3101 civitate
805 3029 975 3113 donatum,
992 3030 1213 3121 approbarent
1226 3027 1389 3099 Gaditani.

359 3149 453 3234 Quod
469 3152 564 3221 etiam
591 3152 695 3222 multu
726 3152 844 3221 clarius
873 3151 1049 3233 videbitur,
1081 3171 1154 3222 cum
1186 3150 1225 3220 de
1261 3151 1392 3241 populis

311 3275 421 3347 tundis
436 3275 575 3346 obscura
589 3276 738 3368 quaedam
758 3276 919 3347 discutere
936 3276 1076 3348 licuerit.
