3546 5454
758 627 948 702 ..ι-611·-

302 792 410 855 autom
430 784 540 874 plures
565 783 789 855 Romanorum
817 784 903 876 leges
930 783 1088 874 adoptant
1115 793 1213 876 etque
1238 795 1304 856 noa
1332 805 1385 858 ea·

303 907 444 1001 demque
459 907 555 980 taoies
572 907 631 978 toti
646 907 785 999 imperio
802 907 950 979 Romano
971 907 1093 1001 ubtqne
1107 917 1254 1000 apparet.

349 1031 383 1102 Si
400 1033 504 1124 legem
529 1031 708 1104 adsciscere
736 1031 900 1116 volebant,
934 1033 968 1102 id
999 1035 1166 1123 postutare
1196 1033 1385 1106 debebant:

302 1155 462 1230 beneficio
491 1155 607 1246 populi
638 1156 777 1228 Romani
806 1155 899 1226 tundi
928 1155 1027 1239 fiunt,
1056 1166 1095 1228 ut
1126 1157 1265 1231 iuoutoat
1293 1159 1389 1231 nobis

301 1283 439 1356 Tettius.
457 1279 572 1375 Neque
587 1282 621 1352 iu
643 1279 744 1353 dubie
769 1290 819 1353 est
841 1280 984 1372 populns
1013 1280 1133 1360 tuuooe
1160 1283 1232 1356 fueri
1257 1292 1387 1358 tautum

198 1467 200 1472 ,
301 1409 336 1479 iu
348 1408 424 1500 jura
438 1407 560 1499 priuata
580 1415 678 1500 atque
693 1406 733 1478 iis
745 1395 850 1481 teneri
868 1431 877 1491 ;
906 1406 949 1478 de
975 1396 1154 1498 renuntiet,
1169 1406 1212 1480 de
1229 1407 1383 1500 tmperte,

300 1533 342 1606 ¹(te
356 1526 457 1620 bello,
475 1532 675 1626 devictoris,
700 1532 741 1604 de
766 1531 872 1604 salute
891 1523 1006 1624 populi
1036 1519 1130 1603 tundi
1157 1526 1228 1604 iiert
1250 1531 1388 1607 minime

300 1675 447 1751 uuquam
462 1663 667 1748 potueruut:
689 1657 751 1732 hoo
769 1664 885 1732 natura
896 1667 1010 1732 tratum
1023 1661 1163 1727 tonstnt.

349 1782 394 1854 nt
409 1801 475 1874 quo
492 1780 591 1854 modo
607 1780 721 1872 popuii
735 1779 829 1852 tundi
844 1777 991 1852 fiebant?

349 1905 496 1980 Primum
517 1925 585 1977 uon
611 1905 785 1978 uerisimile
815 1905 944 1978 ridetur
968 1905 1075 1979 tonos
1101 1914 1134 1978 et
1164 1906 1312 1992 Latinos,
1328 1907 1386 2001 qui

302 2034 405 2126 legem
432 2031 563 2102 Furiam
591 2031 633 2104 de
656 2019 874 2115 testamentis,
905 2030 997 2103 verbi
1023 2033 1137 2124 gratia,
1171 2033 1386 2118 adsciverant,

229 2241 232 2246 ,
301 2158 402 2231 tuisse
417 2165 544 2230 eoaotos
562 2157 649 2249 apud
678 2158 905 2250 magistratum
933 2143 1118 2230 Romanum
1136 2159 1177 2231 de
1193 2161 1388 2232 testamento

302 2281 495 2374 disoeptare,
512 2279 540 2351 si
554 2300 619 2373 qua
633 2279 716 2350 forte
730 2279 950 2353 oontrorerste
964 2281 1051 2352 iuter
1076 2281 1165 2372 ipsos
1182 2291 1257 2352 nuta
1284 2293 1384 2355 esset.

300 2405 439 2491 Quodsi
461 2405 506 2475 ita
523 2404 650 2488 fuisset,
671 2411 737 2474 uon
757 2391 788 2474 id
818 2403 975 2474 tenuisset
1001 2403 1145 2490 Tullius,
1177 2407 1300 2498 quippe
1328 2407 1388 2500 qui

301 2531 471 2626 tantopere
489 2534 616 2607 laboret
631 2543 668 2604 ut
682 2531 762 2604 nihil
780 2533 908 2626 dejure
937 2533 1073 2606 Romani
1093 2535 1204 2628 popuii
1230 2535 1384 2608 imminu«

253 2715 255 2718 .
300 2671 370 2730 tum
385 2677 458 2730 esse
473 2658 691 2743 demonstret,
713 2678 788 2730 oum
816 2658 932 2750 populi
949 2658 1042 2731 tundi
1069 2661 1141 2732 souti
1160 2672 1283 2734 essent.
1311 2661 1397 2734 Nou,

299 2792 408 2855 autem
431 2783 527 2854 uredo
555 2784 617 2854 hou
645 2792 772 2854 tautum
802 2803 875 2854 esse
902 2783 1052 2854 effoetum
1080 2795 1117 2856 ut
1146 2785 1262 2878 popuii
1291 2785 1384 2858 tundi

299 2908 369 2999 lege
383 2906 540 2989 Romane,
561 2916 716 2998 tauquam
734 2925 806 2990 sua,
825 2914 1011 2977 uterentur.

359 3040 467 3124 Quare
492 3039 580 3110 euim
607 3039 661 3108 alii
689 3039 803 3132 popuii
822 3039 928 3111 Rome
958 3041 1213 3131 postulavissent
1240 3051 1293 3112 ,ut
1322 3041 1384 3112 sihi

298 3164 497 3258 permissum
527 3174 614 3235 esset
638 3165 744 3256 legem
787 3161 962 3256 quamdam
1001 3175 1167 3238 extenuem
1204 3155 1385 3259 adoptare?

299 3285 394 3373 Quod
410 3287 541 3360 taudem
558 3285 755 3360 benefitium
771 3285 805 3358 in
820 3287 884 3360 hoo
911 3289 1058 3380 positum
1089 3288 1232 3362 inisset?
1260 3289 1385 3383 Super·
1512 3366 1514 3371 ,

299 3412 364 3518 hiae
384 3411 539 3500 Romanae
568 3413 724 3484 nimirum
755 3410 1032 3486 blandiebantur?
1057 3411 1114 3500 At,
1147 3425 1222 3488 oum
1254 3423 1386 3516 se‘tnpe't‘

299 3535 495 3610 beneficium
522 3545 554 3608 et
583 3536 757 3610 amicitiam
783 3538 872 3630 apuu
901 3529 1094 3614 nicatorem
1123 3530 1268 3625 audiam,
1288 3540 1328 3612 td
1351 3541 1384 3613 in

298 3662 444 3736 adducor
457 3673 495 3735 ut
507 3663 592 3734 iuter
604 3663 770 3736 Romanus
794 3663 1003 3758 populosque
1030 3663 1086 3755 qui
1120 3654 1213 3736 tondi
1243 3655 1381 3748 fiebant,

298 3789 406 3862 tenus
425 3789 568 3881 quodam
587 3790 687 3862 modo
707 3789 919 3862 interuenisse
942 3798 1072 3880 putem.
1100 3789 1146 3860 Ex
1175 3809 1242 3882 quo
1257 3788 1383 3862 tedere

298 3910 481 3983 uoumodo
499 3910 655 4000 oumsuis
684 3919 716 3981 et
740 3887 832 3980 iuter
866 3928 902 3986 se
933 3908 1003 4002 lege
1030 3928 1163 3981 romana
1190 3909 1383 3994 utebantur,

297 4044 336 4106 ut
351 4053 482 4118 nauseo,
500 4035 670 4106 sedetiam
699 4054 773 4106 oum
787 4034 956 4120 Romanis,
974 4034 1019 4104 ita
1033 4021 1166 4126 quidem
1182 4038 1233 4118 ut,
1254 4023 1282 4105 si
1295 4028 1377 4126 legis

299 4162 340 4234 de
357 4160 560 4233 testamentis
575 4159 744 4252 cujusdam
759 4159 832 4232 tanti
855 4165 967 4230 esseut
994 4157 1103 4243 fundi,
1134 4165 1212 4230 tuno
1238 4167 1271 4230 et
1301 4159 1385 4230 uires

299 4287 437 4358 istorum
453 4281 630 4354 fundorum
660 4281 872 4372 poputurum.
903 4279 1016 4358 Rome
1043 4279 1206 4383 peregrim
1236 4277 1326 4374 dieo,
1345 4299 1384 4352 ex
