3546 5454
860 611 1051 681 ..(66..

410 761 569 834 evictione
586 764 690 834 teneri
707 772 740 834 et
769 765 907 854 emptori
924 783 996 835 eam
1012 770 1168 855 praestare
1183 763 1317 846 debere,
1335 764 1495 853 cumipse

409 884 608 958 venditionis
634 895 746 956 auctor
775 886 885 958 luerit.
916 885 996 970 Quae
1027 887 1182 972 lormula,
1210 888 1359 980 quamvis
1387 887 1499 959 minus

409 1011 554 1100 propria,
570 1019 726 1102 usurpata
745 1031 818 1083 6666
837 1012 966 1084 6116166
996 1012 1038 1084 de
1066 1013 1196 1103 populis
1228 1011 1293 1082 illis
1323 1012 1393 1103 qui,
1424 1011 1498 1102 jore

409 1131 585 1218 Quiritium
601 1135 723 1207 adscito
751 1136 794 1208 ob
819 1137 962 1229 aliquam
990 1112 1287 1220 utilitatem,'tundi
1315 1135 1387 1207 lacti
1404 1144 1496 1207 sunt.

410 1258 624 1334 Voluntarius
637 1261 725 1334 enirn
742 1261 835 1354 quasi
850 1270 1034 1334 contractus
1052 1281 1124 1333 6666
1148 1269 1277 1351 poterat
1303 1276 1419 1333 eorum
1442 1261 1500 1352 qui

410 1405 472 1460 sua
485 1385 560 1478 jura
587 1405 624 1456 ac
653 1385 740 1478 leges
768 1385 952 1456 alienabant
981 1395 1013 1458 ot
1041 1385 1196 1456 Romanis
1223 1384 1496 1457 commutabant:

411 1511 492 1605 ipsis
514 1510 710 1604 eligentibus
738 1520 770 1583 et
800 1512 923 1602 populo
951 1512 1100 1584 liomano
1130 1509 1351 1602 permittente,
1388 1511 1499 1602 populi

414 1635 509 1707 lundi
523 1635 647 1706 fiebant
663 1633 687 1706 ¹.

483 1786 587 1858 Varro
618 1795 728 1859 autem
757 1794 849 1877 putat
883 1787 1043 1879 populum
1076 1786 1216 1857 fundum
1245 1784 1315 1857 lieri
1345 1793 1500 1876 tanquam

414 1914 554 1986 lundum
572 1913 605 1982 in
622 1931 689 2006 quo
701 1911 775 2002 jura
789 1911 957 1994 residant;
986 1911 1097 2001 itaque
1113 1909 1145 1981 hi
1163 1910 1275 2001 populi
1303 1909 1396 1980 fundi
1422 1909 1501 2000 legi·

414 2039 481 2110 bus
495 2037 652 2109 Romanis
681 2037 724 2106 ita
753 2035 939 2128 obligantur
967 2034 1051 2106 sicut
1080 2033 1201 2105 fundus
1230 2044 1286 2105 aut
1311 2031 1501 2125 hypotheca

416 2163 648 2256 oppigneratus
662 2181 738 2255 ager
752 2161 874 2253 quique
889 2180 974 2250 praes
988 2169 1038 2232 661
1052 2157 1197 2250 optimus
1217 2169 1250 2231 et
1262 2178 1404 2250 sponsor
1416 2155 1442 2230 ⁹.

464 2286 564 2378 Apud
577 2285 732 2367 Gellium,
750 2305 789 2355 en
805 2284 980 2356 Frontonis
995 2283 1104 2368 rerba,
1122 2283 1244 2364 lundus
1269 2285 1417 2356 eamdem
1437 2286 1502 2356 rim

418 2411 515 2484 habet
529 2420 627 2505 atque
656 2408 827 2482 sententiae
841 2407 1053 2500 adprobator,
1073 2409 1153 2500 legis
1179 2408 1407 2501 subscriptor:
1426 2431 1501 2482 666·

416 2536 528 2623 tentiae
545 2535 643 2628 igitur
660 2534 782 2604 fundus
798 2533 825 2603 is
844 2533 881 2602 fit
908 2533 964 2624 qui
992 2533 1074 2602 hanc
1105 2534 1310 2626 opinionem,
1341 2534 1381 2605 ab
1400 2535 1501 2605 altero

415 2661 563 2754 primum
582 2659 748 2740 emissam,
766 2657 852 2728 uelut
871 2676 910 2727 ex
937 2677 970 2728 se
1000 2656 1117 2729 deinde
1133 2659 1295 2748 expromit
1322 2666 1420 2751 atque
1442 2658 1500 2729 ad·

416 2781 545 2872 probat.
1360 2855 1362 2862 ,

461 2905 536 2980 Jann¹
559 2904 599 2975 de
627 2903 849 2993 municipibus
877 2902 1002 2974 dixerat
1035 2904 1121 2975 idem
1149 2905 1290 2994 scriptor
1316 2923 1373 2974 eos
1399 2903 1499 2973 nullis

415 3031 487 3102 aliis
524 3028 770 3102 necessitatibus
802 3047 910 3120 neque
939 3030 1002 3099 ulla
1021 3029 1136 3120 populi
1166 3029 1304 3099 Romani
1330 3031 1399 3120 lege
1428 3029 1503 3099 ads-

416 3157 630 3237 trictososse,
658 3153 720 3224 nisi
738 3155 771 3223 in
802 3171 901 3245 quam
933 3153 1077 3243 6666166
1107 3171 1222 3224 eorum
1252 3151 1373 3224 lundns
1400 3151 1503 3224 iactus

416 3289 505 3351 esset
518 3278 545 3348 ³.

466 3403 523 3476 llis
551 3406 660 3488 dictis,
689 3412 824 3496 apparet
859 3402 938 3494 quid
968 3402 1105 3474 verbum
1135 3401 1316 3493 significare
1343 3401 1500 3492 potuerit,

416 3529 482 3600 6166
498 3529 560 3619 1661
576 3530 623 3601 616
638 3529 787 3621 quaedam
805 3527 938 3619 propria
952 3525 1097 3610 intuerit,
1118 3527 1185 3598 sive
1198 3528 1387 3616 metaphora
1402 3545 1497 3595 usur·

459 3888 521 3949 ¹V.
550 3889 676 3963 Festum,
697 3904 726 3966 p.
746 3888 805 3946 l8:
832 3883 950 3946 Fundus
976 3883 1082 3945 dicitnr
1104 3883 1227 3964 populus
1256 3902 1318 3946 esse
1341 3884 1393 3962 rei,
1418 3902 1504 3964 quam

416 3973 530 4053 alienat,
546 3975 599 4037 hoc
612 3987 656 4035 est
669 3987 776 4036 auctor.

456 4113 560 4190 2algor
574 4110 650 4191 quod
664 4109 813 4190 videbatur
826 4109 968 4191 pecudum
994 4129 1026 4172 ac
1042 4109 1173 4190 pecuniae
1196 4127 1258 4172 6666
1286 4109 1504 4172 fundamentum

417 4200 525 4264 turdus
540 4200 682 4262 dicitur...
699 4202 801 4278 Verre,
819 4218 847 4280 p.
867 4202 914 4276 13,
930 4202 960 4260 1.
976 4199 1055 4262 Edit,
1077 4201 1164 4261 11163.

458 4331 574 4411 36611,
590 4351 651 4413 rvr,
666 4333 713 4410 13,
731 4338 748 4392 6
766 4344 794 4393 61
808 4351 870 4416 mr,
886 4334 916 4407 8,
936 4333 982 4392 11.
