<?xml version="1.0" encoding="UTF-8"?>
<!DOCTYPE html PUBLIC "-//W3C//DTD XHTML 1.0 Transitional//EN"
    "http://www.w3.org/TR/xhtml1/DTD/xhtml1-transitional.dtd">
<html xmlns="http://www.w3.org/1999/xhtml" xml:lang="en" lang="en">
 <head>
  <title>
</title>
<meta http-equiv="Content-Type" content="text/html;charset=utf-8" />
  <meta name='ocr-system' content='tesseract 3.04.00' />
  <meta name='ocr-capabilities' content='ocr_page ocr_carea ocr_par ocr_line ocrx_word'/>
</head>
<body>
  <div class='ocr_page' id='page_1' title='image "./demtulliicicero00gasqgoog_0038.png"; bbox 0 0 3546 5454; ppageno 0'>
   <div class='ocr_carea' id='block_1_1' title="bbox 713 1295 1087 1373">
    <p class='ocr_par' dir='ltr' id='par_1_1' title="bbox 713 1295 1087 1373">
     <span class='ocr_line' id='line_1_1' title="bbox 713 1295 1087 1373; baseline -0.008 -2"><span class='ocrx_word' id='word_1_1' title='bbox 713 1295 872 1373; x_wconf 76' lang='lat' dir='ltr'>curer</span> <span class='ocrx_word' id='word_1_2' title='bbox 922 1307 982 1369; x_wconf 80' lang='lat' dir='ltr'>nr</span> <span class='ocrx_word' id='word_1_3' title='bbox 1080 1333 1087 1341; x_wconf 82' lang='lat'><em>·</em></span> 
     </span>
    </p>
   </div>
   <div class='ocr_carea' id='block_1_2' title="bbox 307 1661 1387 1968">
    <p class='ocr_par' dir='ltr' id='par_1_2' title="bbox 307 1661 1387 1968">
     <span class='ocr_line' id='line_1_2' title="bbox 307 1661 1387 1740; baseline -0.006 -15"><span class='ocrx_word' id='word_1_4' title='bbox 307 1672 361 1725; x_wconf 75' lang='lat' dir='ltr'>lle</span> <span class='ocrx_word' id='word_1_5' title='bbox 398 1665 491 1740; x_wconf 72' lang='lat' dir='ltr'>lure</span> <span class='ocrx_word' id='word_1_6' title='bbox 531 1664 710 1723; x_wconf 71' lang='lat' dir='ltr'>elvltatls</span> <span class='ocrx_word' id='word_1_7' title='bbox 750 1678 797 1722; x_wconf 86' lang='lat' dir='ltr'>ex</span> <span class='ocrx_word' id='word_1_8' title='bbox 838 1663 1041 1722; x_wconf 72' lang='lat' dir='ltr'>cleewnls</span> <span class='ocrx_word' id='word_1_9' title='bbox 1083 1661 1299 1720; x_wconf 70' lang='lat' dir='ltr'>sensenna.</span> <span class='ocrx_word' id='word_1_10' title='bbox 1341 1690 1387 1703; x_wconf 90' lang='lat'><em>-</em></span> 
     </span>
     <span class='ocr_line' id='line_1_3' title="bbox 373 1777 1386 1852; baseline -0.007 -12"><span class='ocrx_word' id='word_1_11' title='bbox 373 1786 426 1840; x_wconf 81' lang='lat' dir='ltr'>lle</span> <span class='ocrx_word' id='word_1_12' title='bbox 466 1781 551 1852; x_wconf 75' lang='lat' dir='ltr'>lege</span> <span class='ocrx_word' id='word_1_13' title='bbox 587 1779 713 1838; x_wconf 70' lang='lat' dir='ltr'>Gellia</span> <span class='ocrx_word' id='word_1_14' title='bbox 751 1793 795 1837; x_wconf 79' lang='lat' dir='ltr'>ae</span> <span class='ocrx_word' id='word_1_15' title='bbox 836 1779 1051 1850; x_wconf 73' lang='lat' dir='ltr'>cornelia,</span> <span class='ocrx_word' id='word_1_16' title='bbox 1103 1777 1219 1852; x_wconf 67' lang='lat' dir='ltr'>eujus</span> <span class='ocrx_word' id='word_1_17' title='bbox 1253 1777 1386 1850; x_wconf 76' lang='lat' dir='ltr'>gratia</span> 
     </span>
     <span class='ocr_line' id='line_1_4' title="bbox 373 1893 1309 1968; baseline 0 -14"><span class='ocrx_word' id='word_1_18' title='bbox 373 1910 397 1954; x_wconf 76' lang='lat' dir='ltr'>a</span> <span class='ocrx_word' id='word_1_19' title='bbox 432 1895 621 1968; x_wconf 76' lang='lat' dir='ltr'><strong>Pompelo</strong></span> <span class='ocrx_word' id='word_1_20' title='bbox 659 1897 808 1956; x_wconf 71' lang='lat' dir='ltr'>Bulbus</span> <span class='ocrx_word' id='word_1_21' title='bbox 835 1895 996 1954; x_wconf 74' lang='lat' dir='ltr'>civitate</span> <span class='ocrx_word' id='word_1_22' title='bbox 1025 1893 1199 1954; x_wconf 76' lang='lat' dir='ltr'>donatus</span> <span class='ocrx_word' id='word_1_23' title='bbox 1232 1897 1309 1954; x_wconf 73' lang='lat' dir='ltr'>est.</span> 
     </span>
    </p>
   </div>
   <div class='ocr_carea' id='block_1_3' title="bbox 303 2814 1388 4403">
    <p class='ocr_par' dir='ltr' id='par_1_3' title="bbox 305 2814 1386 3654">
     <span class='ocr_line' id='line_1_5' title="bbox 353 2814 1386 2918; baseline 0 -30"><span class='ocrx_word' id='word_1_24' title='bbox 353 2815 436 2888; x_wconf 83' lang='lat' dir='ltr'>Cum</span> <span class='ocrx_word' id='word_1_25' title='bbox 455 2816 648 2888; x_wconf 79' lang='lat' dir='ltr'>confirmare</span> <span class='ocrx_word' id='word_1_26' title='bbox 665 2835 823 2888; x_wconf 81' lang='lat' dir='ltr'>conemur</span> <span class='ocrx_word' id='word_1_27' title='bbox 844 2816 932 2887; x_wconf 83' lang='lat' dir='ltr'>haud</span> <span class='ocrx_word' id='word_1_28' title='bbox 950 2815 1080 2918; x_wconf 85' lang='lat' dir='ltr'>¹injuria</span> <span class='ocrx_word' id='word_1_29' title='bbox 1106 2814 1243 2886; x_wconf 83' lang='lat' dir='ltr'><strong>Balbum</strong></span> <span class='ocrx_word' id='word_1_30' title='bbox 1261 2814 1386 2888; x_wconf 82' lang='lat' dir='ltr'>civitate</span> 
     </span>
     <span class='ocr_line' id='line_1_6' title="bbox 307 2938 1386 3033; baseline -0.002 -19"><span class='ocrx_word' id='word_1_31' title='bbox 307 2943 463 3014; x_wconf 85' lang='lat' dir='ltr'>donatum</span> <span class='ocrx_word' id='word_1_32' title='bbox 478 2961 562 3025; x_wconf 88' lang='lat' dir='ltr'>esse,</span> <span class='ocrx_word' id='word_1_33' title='bbox 583 2942 623 3012; x_wconf 90' lang='lat' dir='ltr'>de</span> <span class='ocrx_word' id='word_1_34' title='bbox 639 2942 708 3033; x_wconf 83' lang='lat' dir='ltr'>lege</span> <span class='ocrx_word' id='word_1_35' title='bbox 736 2939 839 3013; x_wconf 83' lang='lat' dir='ltr'>Gellia</span> <span class='ocrx_word' id='word_1_36' title='bbox 865 2960 902 3012; x_wconf 83' lang='lat' dir='ltr'>au</span> <span class='ocrx_word' id='word_1_37' title='bbox 929 2939 1091 3025; x_wconf 83' lang='lat' dir='ltr'>Cornelia,</span> <span class='ocrx_word' id='word_1_38' title='bbox 1121 2961 1185 3032; x_wconf 84' lang='lat' dir='ltr'>qua</span> <span class='ocrx_word' id='word_1_39' title='bbox 1210 2938 1386 3031; x_wconf 88' lang='lat' dir='ltr'>Pompeius</span> 
     </span>
     <span class='ocr_line' id='line_1_7' title="bbox 306 3061 1386 3154; baseline -0.006 -16"><span class='ocrx_word' id='word_1_40' title='bbox 306 3087 385 3138; x_wconf 91' lang='lat' dir='ltr'>usus</span> <span class='ocrx_word' id='word_1_41' title='bbox 401 3065 476 3149; x_wconf 84' lang='lat' dir='ltr'>luit,</span> <span class='ocrx_word' id='word_1_42' title='bbox 493 3063 727 3154; x_wconf 77' lang='lat' dir='ltr'>disputandum</span> <span class='ocrx_word' id='word_1_43' title='bbox 741 3083 819 3134; x_wconf 88' lang='lat' dir='ltr'>sane</span> <span class='ocrx_word' id='word_1_44' title='bbox 846 3073 907 3135; x_wconf 84' lang='lat' dir='ltr'>est.</span> <span class='ocrx_word' id='word_1_45' title='bbox 940 3066 983 3132; x_wconf 79' lang='lat' dir='ltr'>Ar</span> <span class='ocrx_word' id='word_1_46' title='bbox 1000 3081 1132 3134; x_wconf 83' lang='lat' dir='ltr'>necesse</span> <span class='ocrx_word' id='word_1_47' title='bbox 1161 3069 1212 3132; x_wconf 85' lang='lat' dir='ltr'>est</span> <span class='ocrx_word' id='word_1_48' title='bbox 1241 3061 1386 3152; x_wconf 90' lang='lat' dir='ltr'>primum</span> 
     </span>
     <span class='ocr_line' id='line_1_8' title="bbox 307 3185 1385 3283; baseline -0.004 -21"><span class='ocrx_word' id='word_1_49' title='bbox 307 3210 456 3264; x_wconf 86' lang='lat' dir='ltr'>revocare</span> <span class='ocrx_word' id='word_1_50' title='bbox 482 3190 515 3260; x_wconf 92' lang='lat' dir='ltr'>iu</span> <span class='ocrx_word' id='word_1_51' title='bbox 544 3189 672 3261; x_wconf 84' lang='lat' dir='ltr'>animus</span> <span class='ocrx_word' id='word_1_52' title='bbox 702 3189 823 3283; x_wconf 90' lang='lat' dir='ltr'>quibus</span> <span class='ocrx_word' id='word_1_53' title='bbox 851 3190 911 3261; x_wconf 87' lang='lat' dir='ltr'>riis</span> <span class='ocrx_word' id='word_1_54' title='bbox 939 3188 980 3258; x_wconf 84' lang='lat' dir='ltr'>ad</span> <span class='ocrx_word' id='word_1_55' title='bbox 1013 3187 1173 3258; x_wconf 81' lang='lat' dir='ltr'>civitatem</span> <span class='ocrx_word' id='word_1_56' title='bbox 1205 3185 1385 3280; x_wconf 84' lang='lat' dir='ltr'><strong>peregrinis</strong></span> 
     </span>
     <span class='ocr_line' id='line_1_9' title="bbox 305 3311 1386 3406; baseline -0.004 -20"><span class='ocrx_word' id='word_1_57' title='bbox 305 3314 413 3386; x_wconf 77' lang='lat' dir='ltr'>aditus</span> <span class='ocrx_word' id='word_1_58' title='bbox 440 3323 540 3396; x_wconf 84' lang='lat' dir='ltr'>esset,</span> <span class='ocrx_word' id='word_1_59' title='bbox 573 3315 652 3406; x_wconf 89' lang='lat' dir='ltr'>quid</span> <span class='ocrx_word' id='word_1_60' title='bbox 676 3315 716 3386; x_wconf 91' lang='lat' dir='ltr'>de</span> <span class='ocrx_word' id='word_1_61' title='bbox 734 3314 867 3386; x_wconf 82' lang='lat' dir='ltr'>civitatis</span> <span class='ocrx_word' id='word_1_62' title='bbox 880 3315 955 3406; x_wconf 81' lang='lat' dir='ltr'>J&#39;ure</span> <span class='ocrx_word' id='word_1_63' title='bbox 972 3321 1102 3406; x_wconf 85' lang='lat' dir='ltr'>putaret</span> <span class='ocrx_word' id='word_1_64' title='bbox 1129 3311 1276 3397; x_wconf 87' lang='lat' dir='ltr'>Tullius;</span> <span class='ocrx_word' id='word_1_65' title='bbox 1307 3321 1386 3383; x_wconf 86' lang='lat' dir='ltr'>tune</span> 
     </span>
     <span class='ocr_line' id='line_1_10' title="bbox 305 3436 1385 3530; baseline -0.001 -21"><span class='ocrx_word' id='word_1_66' title='bbox 305 3436 440 3530; x_wconf 80' lang='lat' dir='ltr'>exlege,</span> <span class='ocrx_word' id='word_1_67' title='bbox 460 3437 501 3507; x_wconf 91' lang='lat' dir='ltr'>de</span> <span class='ocrx_word' id='word_1_68' title='bbox 518 3437 715 3530; x_wconf 81' lang='lat' dir='ltr'>quaagitur,</span> <span class='ocrx_word' id='word_1_69' title='bbox 739 3439 840 3510; x_wconf 81' lang='lat' dir='ltr'>uirum</span> <span class='ocrx_word' id='word_1_70' title='bbox 867 3438 1052 3508; x_wconf 82' lang='lat' dir='ltr'>Romanum</span> <span class='ocrx_word' id='word_1_71' title='bbox 1079 3436 1218 3508; x_wconf 85' lang='lat' dir='ltr'><strong>Balbum</strong></span> <span class='ocrx_word' id='word_1_72' title='bbox 1244 3437 1385 3530; x_wconf 80' lang='lat' dir='ltr'>legitime</span> 
     </span>
     <span class='ocr_line' id='line_1_11' title="bbox 305 3561 950 3654; baseline 0 -22"><span class='ocrx_word' id='word_1_73' title='bbox 305 3562 375 3633; x_wconf 90' lang='lat' dir='ltr'>fieri</span> <span class='ocrx_word' id='word_1_74' title='bbox 390 3561 538 3654; x_wconf 86' lang='lat' dir='ltr'>poluisse</span> <span class='ocrx_word' id='word_1_75' title='bbox 556 3563 691 3634; x_wconf 88' lang='lat' dir='ltr'>minime</span> <span class='ocrx_word' id='word_1_76' title='bbox 709 3565 740 3634; x_wconf 90' lang='lat' dir='ltr'>in</span> <span class='ocrx_word' id='word_1_77' title='bbox 758 3563 859 3636; x_wconf 88' lang='lat' dir='ltr'>dubio</span> <span class='ocrx_word' id='word_1_78' title='bbox 876 3563 950 3635; x_wconf 80' lang='lat' dir='ltr'>erit.</span> 
     </span>
    </p>

    <p class='ocr_par' dir='ltr' id='par_1_4' title="bbox 304 3684 1386 4010">
     <span class='ocr_line' id='line_1_12' title="bbox 351 3684 1386 3781; baseline 0.004 -25"><span class='ocrx_word' id='word_1_79' title='bbox 351 3684 423 3756; x_wconf 89' lang='lat' dir='ltr'>Nun</span> <span class='ocrx_word' id='word_1_80' title='bbox 437 3687 537 3757; x_wconf 88' lang='lat' dir='ltr'>medo</span> <span class='ocrx_word' id='word_1_81' title='bbox 553 3687 586 3755; x_wconf 89' lang='lat' dir='ltr'>in</span> <span class='ocrx_word' id='word_1_82' title='bbox 603 3689 750 3761; x_wconf 85' lang='lat' dir='ltr'>oratioue</span> <span class='ocrx_word' id='word_1_83' title='bbox 769 3709 831 3781; x_wconf 89' lang='lat' dir='ltr'>pru</span> <span class='ocrx_word' id='word_1_84' title='bbox 857 3688 971 3774; x_wconf 85' lang='lat' dir='ltr'>Balbo,</span> <span class='ocrx_word' id='word_1_85' title='bbox 989 3688 1160 3760; x_wconf 82' lang='lat' dir='ltr'>sedetiam</span> <span class='ocrx_word' id='word_1_86' title='bbox 1190 3689 1222 3759; x_wconf 89' lang='lat' dir='ltr'>in</span> <span class='ocrx_word' id='word_1_87' title='bbox 1240 3688 1386 3760; x_wconf 82' lang='lat' dir='ltr'>eratione</span> 
     </span>
     <span class='ocr_line' id='line_1_13' title="bbox 304 3809 1386 3906; baseline 0.006 -26"><span class='ocrx_word' id='word_1_88' title='bbox 304 3809 605 3904; x_wconf 78' lang='lat' dir='ltr'>prollrehiaalque</span> <span class='ocrx_word' id='word_1_89' title='bbox 622 3814 866 3906; x_wconf 83' lang='lat' dir='ltr'>inquibusdam</span> <span class='ocrx_word' id='word_1_90' title='bbox 881 3814 951 3886; x_wconf 85' lang='lat' dir='ltr'>aliis</span> <span class='ocrx_word' id='word_1_91' title='bbox 974 3815 1066 3884; x_wconf 90' lang='lat' dir='ltr'>libris</span> <span class='ocrx_word' id='word_1_92' title='bbox 1097 3815 1220 3905; x_wconf 78' lang='lat' dir='ltr'>optima</span> <span class='ocrx_word' id='word_1_93' title='bbox 1248 3836 1267 3886; x_wconf 82' lang='lat' dir='ltr'>a</span> <span class='ocrx_word' id='word_1_94' title='bbox 1294 3811 1386 3887; x_wconf 86' lang='lat' dir='ltr'>Ciue-</span> 
     </span>
     <span class='ocr_line' id='line_1_14' title="bbox 305 3917 940 4010; baseline 0.009 -5"><span class='ocrx_word' id='word_1_95' title='bbox 305 3955 384 4007; x_wconf 91' lang='lat' dir='ltr'>rune</span> <span class='ocrx_word' id='word_1_96' title='bbox 400 3936 440 4007; x_wconf 90' lang='lat' dir='ltr'>de</span> <span class='ocrx_word' id='word_1_97' title='bbox 454 3936 495 4006; x_wconf 91' lang='lat' dir='ltr'>iis</span> <span class='ocrx_word' id='word_1_98' title='bbox 507 3937 606 4008; x_wconf 91' lang='lat' dir='ltr'>rebus</span> <span class='ocrx_word' id='word_1_99' title='bbox 625 3938 814 4010; x_wconf 77' lang='lat' dir='ltr'>dictasunt.</span> <span class='ocrx_word' id='word_1_100' title='bbox 937 3917 940 3922; x_wconf 34' lang='lat'>⁵</span> 
     </span>
    </p>

    <p class='ocr_par' dir='ltr' id='par_1_5' title="bbox 303 4055 1388 4403">
     <span class='ocr_line' id='line_1_15' title="bbox 351 4055 1383 4154; baseline 0.005 -27"><span class='ocrx_word' id='word_1_101' title='bbox 351 4055 467 4127; x_wconf 86' lang='lat' dir='ltr'>Nescio</span> <span class='ocrx_word' id='word_1_102' title='bbox 482 4057 561 4148; x_wconf 87' lang='lat' dir='ltr'>quid</span> <span class='ocrx_word' id='word_1_103' title='bbox 577 4060 712 4149; x_wconf 83' lang='lat' dir='ltr'>superbi</span> <span class='ocrx_word' id='word_1_104' title='bbox 727 4062 837 4133; x_wconf 82' lang='lat' dir='ltr'>animo</span> <span class='ocrx_word' id='word_1_105' title='bbox 856 4065 994 4134; x_wconf 82' lang='lat' dir='ltr'>recurrit</span> <span class='ocrx_word' id='word_1_106' title='bbox 1018 4064 1148 4154; x_wconf 85' lang='lat' dir='ltr'>quoties</span> <span class='ocrx_word' id='word_1_107' title='bbox 1175 4063 1244 4134; x_wconf 84' lang='lat' dir='ltr'>haee</span> <span class='ocrx_word' id='word_1_108' title='bbox 1273 4061 1383 4146; x_wconf 83' lang='lat' dir='ltr'>rerba,</span> 
     </span>
     <span class='ocr_line' id='line_1_16' title="bbox 305 4179 1388 4268; baseline 0.002 -15"><span class='ocrx_word' id='word_1_109' title='bbox 305 4182 464 4253; x_wconf 73' lang='lat' dir='ltr'>civitatem</span> <span class='ocrx_word' id='word_1_110' title='bbox 489 4179 693 4268; x_wconf 64' lang='lat' dir='ltr'>Romanum</span> <span class='ocrx_word' id='word_1_111' title='bbox 714 4185 878 4258; x_wconf 88' lang='lat' dir='ltr'>audimus.</span> <span class='ocrx_word' id='word_1_112' title='bbox 909 4186 966 4258; x_wconf 87' lang='lat' dir='ltr'>llis</span> <span class='ocrx_word' id='word_1_113' title='bbox 1004 4185 1093 4258; x_wconf 87' lang='lat' dir='ltr'>enim</span> <span class='ocrx_word' id='word_1_114' title='bbox 1135 4186 1267 4258; x_wconf 79' lang='lat' dir='ltr'>vocibus</span> <span class='ocrx_word' id='word_1_115' title='bbox 1302 4183 1388 4257; x_wconf 87' lang='lat' dir='ltr'>inter</span> 
     </span>
     <span class='ocr_line' id='line_1_17' title="bbox 303 4309 1383 4403; baseline 0.002 -25"><span class='ocrx_word' id='word_1_116' title='bbox 303 4309 467 4380; x_wconf 82' lang='lat' dir='ltr'>Romanus</span> <span class='ocrx_word' id='word_1_117' title='bbox 482 4317 674 4401; x_wconf 79' lang='lat' dir='ltr'>ceterosque</span> <span class='ocrx_word' id='word_1_118' title='bbox 698 4311 846 4384; x_wconf 88' lang='lat' dir='ltr'>homines</span> <span class='ocrx_word' id='word_1_119' title='bbox 878 4311 1100 4403; x_wconf 78' lang='lat' dir='ltr'>insuperabile</span> <span class='ocrx_word' id='word_1_120' title='bbox 1126 4312 1163 4383; x_wconf 86' lang='lat' dir='ltr'>fir</span> <span class='ocrx_word' id='word_1_121' title='bbox 1196 4311 1383 4395; x_wconf 80' lang='lat' dir='ltr'>discrimen,</span> 
     </span>
    </p>
   </div>
   <div class='ocr_carea' id='block_1_4' title="bbox 0 0 1778 5454">
    <p class='ocr_par' dir='ltr' id='par_1_6' title="bbox 0 0 1778 5454">
     <span class='ocr_line' id='line_1_18' title="bbox 0 0 1778 5454; baseline 0 1"><span class='ocrx_word' id='word_1_122' title='bbox 0 0 1778 5454; x_wconf 95' lang='lat' dir='ltr'> </span> 
     </span>
    </p>
   </div>
  </div>
 </body>
</html>
