3546 5454
776 669 840 704 .-
866 635 983 718 5⁷2-

382 782 450 854 lloo
473 783 621 874 exemplo
648 783 827 874 intelligere
855 791 905 855 est
933 802 1038 876 quam
1062 782 1240 873 prudenter
1270 781 1415 872 praemiis

335 911 462 982 eximiis
479 912 602 984 vioinos
616 932 694 994 suos
709 913 846 984 Romani
861 913 923 985 sibi
935 911 1145 984 devinoirent.
1155 911 1244 982 Latio
1256 911 1413 1001 primum,

335 1033 452 1106 deinde
467 1035 526 1104 toti
543 1033 641 1106 ltaliae
655 1035 825 1126 potestatis
855 1044 888 1106 ot
917 1033 1094 1126 majestatis
1107 1033 1230 1124 aliquid
1254 1031 1340 1104 Urbs
1356 1031 1416 1102 im·

334 1158 452 1251 pertita
466 1167 528 1232 est.
559 1158 787 1244 Prorineiales,
821 1159 967 1251 quamuis
996 1159 1089 1233 liberi
1120 1168 1231 1231 essent
1260 1167 1293 1230 et
1320 1157 1419 1230 serris

335 1283 502 1374 potiores,
540 1281 629 1352 nulla
658 1282 791 1373 propria
821 1281 884 1353 sibi
910 1282 985 1374 jura
1018 1279 1183 1354 habebant
1218 1280 1419 1374 arbitrioque

334 1406 558 1488 Romanorum
576 1406 784 1498 regebantur,
801 1426 908 1498 nequo
932 1426 985 1477 res
1008 1425 1084 1478 suas
1097 1406 1173 1498 jure
1190 1403 1416 1498 possidebant,

335 1526 393 1598 sed
408 1546 466 1617 pro
480 1546 554 1610 suo,
572 1536 699 1598 tantum
715 1528 747 1598 in
764 1527 859 1598 bonis
874 1527 1036 1598 habebant
1052 1525 1076 1596 ¹.
1100 1527 1293 1620 Quanquam
1321 1549 1417 1621 pere·

222 1645 226 1656 '
335 1651 418 1742 grini
433 1669 520 1739 saepe
537 1651 748 1722 nominantur
776 1652 987 1743 provinciales
1010 1651 1147 1741 imperio
1174 1653 1321 1724 Romano
1339 1653 1418 1724 sub·

333 1777 421 1867 jeoti,
439 1777 581 1848 haeovon
607 1787 713 1848 tamen
744 1778 882 1867 pertinet
911 1777 952 1848 ad
985 1777 1124 1871 eosqui
1152 1797 1191 1848 ex
1220 1776 1418 1864 civitatibus

337 1901 403 1973 sire
416 1901 596 1986 foederatis,
629 1903 695 1973 sive
710 1902 800 1973 nullo
817 1901 940 1973 loedere
954 1921 1029 1972 oum
1052 1901 1207 1973 Romanis
1222 1900 1418 1992 conjunctu,

337 2028 449 2098 Romae
464 2028 505 2098 ad
526 2038 654 2118 tempus
668 2027 952 2099 commorabantur
966 2023 992 2096 ².

383 2174 478 2245 Initio
493 2176 684 2268 peregrinus
699 2196 736 2247 ao
756 2175 933 2267 perduellis
947 2175 1034 2246 idem
1048 2185 1138 2258 erat;
1172 2176 1329 2267 paulatim
1344 2175 1422 2248 lros-

336 2302 378 2374 tis
393 2323 513 2374 nomen
531 2303 626 2374 datur
641 2303 764 2394 populo
780 2320 922 2394 quocum
942 2303 1046 2374 Roma
1072 2302 1197 2373 bellum
1220 2302 1315 2394 gerit,
1347 2303 1422 2374 bar·

336 2426 473 2518 barique
502 2427 532 2498 ei
559 2427 616 2518 qui
632 2435 722 2498 extra
738 2425 827 2497 orbis
844 2425 962 2517 cogniti
979 2426 1063 2522 lines
1080 2425 1162 2496 situs
1179 2434 1239 2496 est.
1270 2423 1423 2496 Attamen

339 2572 404 2623 non
420 2553 561 2624 libenter
577 2552 714 2624 Romani
729 2551 910 2644 peregrinis
925 2570 1071 2643 uuquam
1086 2550 1208 2642 aliquid
1239 2550 1427 2622 tribuebant

337 2695 373 2746 ao
387 2695 497 2746 severe
515 2676 563 2746 eis
580 2695 711 2765 semper
724 2675 912 2746 utebantur.

386 2821 590 2913 Quamquam
605 2819 717 2893 Cicero
733 2819 792 2915 (De
809 2823 860 2910 off.
878 2841 925 2906 ιιι,
947 2821 1018 2908 ll),
1048 2841 1112 2892 usu
1141 2822 1235 2933 urbis
1252 2821 1427 2912 prohibero

337 2946 525 3038 peregrinos
558 2965 635 3016 sane
667 2946 883 3017 inhumanum
916 2966 987 3017 esse
1017 2954 1133 3035 putat,
1164 2945 1286 3016 latetur
1316 2955 1425 3018 tamen

207 3101 210 3108 ⁴
336 3077 462 3140 rentum
477 3089 549 3140 esse
573 3094 587 3131 a
607 3089 672 3140 non
690 3068 787 3140 liuere
802 3088 874 3141 esse
889 3088 949 3159 pro
966 3069 1033 3140 eive
1052 3069 1107 3159 qui
1125 3067 1200 3139 rivis
1229 3089 1295 3140 non
1325 3069 1379 3140 sit.
1404 3097 1421 3136 ι

336 3195 463 3287 ltaque,
480 3203 517 3265 ut
534 3191 672 3265 Athenis
699 3206 819 3284 μέτοικος
834 3208 993 3288 προστάτην,
1022 3193 1065 3262 ita
1092 3193 1203 3264 Romae
1232 3194 1428 3286 peregrinus

339 3329 514 3410 patronum
531 3318 763 3409 authospitem
787 3317 904 3410 eligere
931 3318 1046 3390 solitus
1075 3327 1144 3389 erat
1173 3326 1271 3410 atque
1300 3318 1330 3389 ei
1358 3337 1430 3390 sese

340 3444 549 3535 applicabat,
581 3453 625 3528 et,
657 3442 936 3538 quemadmodum
966 3442 1028 3515 illis
1059 3447 1174 3514 arabon
1202 3447 1427 3538 polomorrbos,

336 3569 382 3640 siu
396 3570 644 3660 peregrinorum
659 3577 780 3659 praetor
802 3567 852 3639 his
879 3567 934 3659 jus
957 3569 1132 3659 separatim
1158 3568 1301 3641 dicebat.
1336 3566 1430 3659 Saepe

338 3693 438 3784 igitur
455 3693 563 3764 virum
580 3693 792 3766 excellentem
812 3694 989 3786 quemdam
1003 3694 1130 3787 legebat
1143 3714 1236 3786 gens,
1253 3705 1290 3765 ut
1318 3692 1429 3786 magni

382 4091 391 4132 ¹
408 4089 512 4167 Gaius,
529 4109 551 4167 ι,
568 4091 616 4154 bt.

342 4223 565 4378 ιθῖἑιιὲἐᾷὒθ
580 4225 600 4286 l.
618 4226 654 4302 l.,
669 4225 689 4285 l.
707 4229 737 4302 b,
753 4227 770 4306 ἓ
785 4225 940 4289 3.-Conl.
958 4223 1229 4302 Festumllooerb.
1247 4224 1342 4305 tigni
1360 4222 1427 4304 Dil-
