3546 5454
817 630 1005 698 -.-··lo÷.-.

368 777 515 856 nandum
541 777 595 868 ins
623 777 758 848 civitatis
788 777 965 860 Romanae,
994 796 1032 848 ex
1053 778 1190 849 wPlautia
1212 777 1339 868 Papiria
1367 781 1449 870 lege,

365 910 557 991 argumenta
582 899 712 972 Archiae
744 901 891 984 deerant,
923 921 982 972 nec
1009 903 1096 973 hona
1129 922 1187 972 sua
1214 903 1299 971 intra
1328 902 1451 973 dictum

368 1033 496 1116 tempos
516 1025 549 1092 in
567 1043 702 1130 censum
718 1044 753 1095 se
769 1025 924 1096 detulisse
941 1025 1080 1115 probare
1098 1035 1237 1114 poterat.
1271 1081 1273 1086 .

409 2365 560 2439 Cumres
592 2377 625 2439 et
648 2369 807 2460 judicium
826 2369 921 2440 nobis
954 2378 1031 2439 nota
1050 2369 1129 2450 sint,
1162 2389 1259 2459 pauca
1291 2369 1331 2440 de
1359 2390 1449 2441 com-

361 2491 513 2562 mentarii
531 2493 633 2585 nostri
651 2491 755 2560 lorma
771 2511 808 2560 ac
822 2491 946 2561 ratione
963 2491 1100 2560 dicenda
1115 2501 1206 2560 sunt.

408 2612 454 2682 De
470 2612 559 2682 Balbi
577 2611 641 2686 rita
658 2622 690 2682 et
704 2613 744 2682 de
761 2611 917 2682 Gaditana
935 2613 1059 2682 civitate
1084 2612 1209 2702 aliquot
1238 2613 1336 2682 verbo
1354 2633 1439 2703 prae·

361 2736 491 2831 mittere
510 2733 604 2803 nobis
630 2734 774 2822 primum
798 2751 929 2802 necesse
957 2751 1030 2802 esse
1061 2733 1167 2802 visum
1196 2731 1269 2802 lnit.
1301 2731 1446 2810 Etenim,

359 2873 434 2952 cnm
448 2853 555 2923 omnis
569 2829 665 2922 cansa
679 2853 719 2922 de
734 2849 869 2921 civitatis
889 2848 963 2937 jore
981 2851 1036 2932 sit,
1063 2851 1170 2940 magni
1200 2850 1359 2920 momenti
1391 2858 1447 2937 est

359 2990 552 3070 cognoscere
571 2978 644 3067 quis
662 2975 758 3048 luerit
775 2979 827 3048 ille
857 2979 1046 3069 peregrinus
1074 2977 1129 3066 qni
1154 2977 1315 3046 civitatem
1342 2974 1446 3062 adep-

359 3111 425 3177 tus,
442 3097 694 3169 familiarissime
719 3118 793 3170 crim
818 3100 1042 3169 Romanorum
1064 3097 1301 3188 potentissimis
1316 3099 1446 3177 vixerit,

358 3232 530 3316 quagenle
545 3224 720 3320 oriundus,
740 3244 805 3315 qoa
824 3223 1010 3294 conditione
1036 3222 1119 3291 cives
1149 3221 1220 3311 ejus
1248 3241 1266 3290 a
1290 3221 1449 3291 Romanis

357 3349 457 3420 habiti
476 3351 554 3419 sint.
571 3349 630 3420 His
644 3348 820 3439 praedictio,
838 3349 878 3418 de
896 3346 1030 3432 civitatis
1041 3345 1116 3435 jore
1131 3347 1172 3416 de
1192 3345 1325 3435 populis
1347 3344 1449 3415 loede·

357 3471 485 3556 ratisac
514 3470 624 3556 iendis
658 3471 824 3562 disputare
857 3469 952 3539 nobis
982 3467 1103 3538 licebit.
1137 3467 1309 3538 Postremo
1343 3475 1445 3537 lotam

356 3593 524 3681 Ciceronis
541 3594 720 3666 orationem
745 3594 929 3663 evolvamus
954 3601 1052 3683 atque
1081 3612 1153 3662 eam
1182 3612 1256 3661 cnm
1289 3591 1446 3681 aequitate

356 3719 473 3807 etjore
492 3718 912 3808 congruereostandemus.
945 3715 990 3784 lla
1019 3735 1152 3806 quoqne
1172 3735 1269 3784 nemo
1298 3712 1360 3784 erit
1389 3713 1446 3804 qni

356 3862 421 3913 non
440 3852 592 3934 agnoscat
616 3843 793 3932 legitimam
819 3840 918 3914 luisse
949 3839 1088 3910 Gelliam
1116 3838 1300 3909 Corneliam
1325 3839 1443 3928 legem,

358 3969 398 4037 de
416 3988 479 4058 qna
494 3966 602 4038 omnis
617 3987 712 4037 causa
728 3967 862 4056 pendet,
884 3974 982 4055 atque
1012 3985 1076 4033 non
1109 3963 1228 4054 injuria
1244 3957 1380 4032 Balbnm
1409 3984 1446 4032 ax

355 4089 516 4160 Gaditano
533 4091 715 4158 Romanum
731 4108 803 4159 esse
825 4089 956 4158 lactum.

401 4210 452 4281 Ad
479 4211 750 4280 commentarium
775 4211 847 4281 dnae
876 4211 1009 4301 quidem
1037 4210 1094 4280 riae
1125 4208 1219 4292 nobis
1250 4209 1439 4300 patebant:

353 4342 410 4404 aut
424 4331 590 4404 Ciceronis
609 4333 832 4405 defensionem
852 4332 1010 4423 gradatim
1024 4350 1217 4421 expromere
1234 4339 1332 4421 atque
1355 4331 1445 4400 locos
