3546 5454
746 684 788 701 -
817 648 938 718 59,-

356 788 584 884 Nequidquam
599 793 658 865 riri
678 795 883 886 eloquentes
915 793 1082 880 ut'Cotta,¹
1105 797 1383 878 contradicebant

309 908 471 1003 Sullaque
485 913 612 985 decreta
626 915 854 1002 defendebant,
886 917 1005 1009 quibus
1034 918 1194 991 Arretinis
1223 918 1382 990 anlater·

310 1037 463 1131 ranisque
477 1047 511 1110 et
522 1040 593 1111 aliis
608 1042 716 1113 civitas
729 1051 815 1114 esset
840 1043 1003 1134 adempta.
1031 1043 1081 1116 Nil
1105 1046 1160 1137 jus
1193 1046 1381 1137 contraius

309 1162 504 1254 salutatque
517 1164 585 1237 hene
600 1167 635 1236 in
648 1167 719 1258 ipsa
736 1165 834 1238 Sullae
848 1167 917 1260 lege
934 1169 1053 1259 seripta
1080 1179 1157 1240 sunt
1185 1193 1192 1239 :
1229 1169 1298 1240 «st
1310 1173 1383 1260 quid

302 1292 357 1376 jus
371 1309 434 1358 nen
445 1295 682 1379 insomnemque,
700 1297 765 1382 ejus
793 1315 833 1364 aar
860 1295 920 1382 leqe
945 1295 1073 1366 edulium
1088 1306 1244 1383 rnqutum.
1261 1320 1286 1368 a,
1300 1290 1385 1366 Cum,

308 1411 558 1484 eivitasnuidam
575 1415 648 1486 data
670 1417 723 1498 sit,
744 1416 835 1488 nullo
865 1416 964 1489 modo
988 1436 1101 1488 rursus
1130 1417 1229 1488 adimi
1260 1426 1382 1509 potest,

307 1532 441 1606 Frustra
455 1553 584 1617 censor,
610 1537 736 1628 iniussu
766 1537 894 1629 populi,
925 1538 1077 1629 cuiquam
1102 1537 1226 1610 homini
1241 1538 1383 1631 suffragii

307 1659 461 1731 lationem
474 1661 600 1752 eripere
613 1662 728 1735 veluit.
748 1664 833 1749 Quin
847 1665 945 1735 etiam
968 1664 1038 1755 ipse
1065 1666 1207 1757 populus
1231 1685 1298 1739 nen
1326 1684 1385 1756 pn·

307 1782 438 1867 tuisset,
454 1785 607 1878 quoniam
622 1805 688 1856 non
703 1806 832 1878 semper
853 1790 883 1859 ei
897 1788 972 1861 lieet
1000 1790 1156 1883 abrogare
1171 1789 1260 1882 quod
1274 1790 1377 1864 semel

307 1915 456 2000 rogatum
473 1899 510 1980 ae
527 1909 702 2001 probatum
730 1921 793 1984 est.

353 2058 649 2145 Quemadmodum,
666 2063 692 2134 si
708 2064 851 2154 populus
876 2063 1013 2155 jusserit
1038 2062 1181 2154 aliquem
1213 2082 1285 2135 esse
1311 2083 1380 2136 ser·

304 2203 394 2269 vum,
411 2185 550 2280 quinon
569 2188 750 2270 servussit,
767 2188 799 2258 id
820 2167 960 2281 justum,
991 2197 1098 2260 ratum
1124 2198 1222 2281 atque
1248 2188 1381 2261 firmum

303 2318 449 2392 nonest,
467 2309 700 2396 amenitatem,
716 2333 814 2404 quam
828 2313 928 2385 semel
942 2313 1037 2384 alicui
1056 2312 1194 2395 dederit,
1206 2313 1246 2384 ab
1264 2312 1380 2384 endem

306 2450 472 2506 resumere
486 2452 552 2504 nnn
570 2443 690 2524 potest.
720 2435 832 2528 ltaque
863 2455 930 2506 nun
959 2435 1082 2507 diutius
1098 2435 1186 2528 qued
1203 2435 1382 2508 decivitate

305 2557 487 2632 decreuerat
499 2557 588 2632 Sulla
600 2560 713 2643 ualuit,
730 2580 829 2653 quam
842 2560 944 2651 ipsius
962 2580 1051 2631 arma
1079 2561 1262 2638 valuerunt·
1287 2559 1381 2632 Nulla

305 2684 400 2767 ratio,
419 2692 455 2754 ut
483 2685 604 2776 optime
617 2686 723 2757 aiebat
736 2683 862 2770 Cicera,
892 2685 999 2757 afferri
1025 2694 1222 2776 potestque,
1255 2686 1281 2756 si
1311 2687 1379 2758 eui·

306 2829 403 2899 quam
432 2828 515 2880 novo
545 2811 604 2881 eivi
634 2811 776 2902 potuerit
805 2812 903 2883 adimi
937 2812 1071 2894 civitas,
1116 2832 1182 2883 non
1224 2812 1378 2883 omnibus

303 2933 458 3024 patriciis,
479 2935 632 3006 omnibus
648 2938 883 3028 antiquissimis
899 2938 1022 3009 nivibus
1037 2938 1142 3029 pessit
1158 2935 1179 3007 ¹.

350 3083 412 3168 Qui
438 3086 471 3156 in
502 3087 644 3159 eolouias
674 3088 788 3158 latinas
814 3089 1078 3180 proficiscuntur,
1117 3108 1175 3159 sua
1211 3087 1378 3160 uoluntate

304 3209 407 3282 Latini
420 3211 503 3285 liunt
517 3222 629 3305 atque,
645 3223 682 3284 ut
698 3214 853 3285 muletam
866 3213 1033 3305 effugiant,
1050 3231 1137 3302 saepe
1151 3231 1270 3284 nomen
1286 3212 1376 3283 dant.

351 3335 456 3422 Quem
469 3357 558 3423 uero,
571 3341 646 3431 quia
665 3339 758 3410 miles
775 3339 878 3410 lautus
897 3349 1043 3423 nonest,
1062 3348 1119 3410 aut
1133 3356 1268 3410 censum
1282 3335 1376 3429 sugit,

302 3462 413 3534 vendit
441 3462 597 3555 pupulus,
628 3485 694 3536 non
725 3465 754 3535 ei
783 3464 943 3536 diritatem
979 3464 1090 3557 eripit,
1125 3462 1184 3535 sed
1210 3481 1380 3553 nunquam
1479 3526 1483 3530 .

303 3586 519 3659 nivemluisse
533 3589 670 3680 judicat.
690 3587 802 3683 Neque
831 3589 919 3662 enim
946 3589 1043 3674 liber,
1073 3607 1181 3681 neque
1207 3587 1282 3660 einis
1306 3585 1376 3678 qui,

302 3719 340 3784 ut
354 3709 437 3782 liber
455 3731 492 3782 ae
507 3711 583 3784 aivis
598 3713 652 3795 sit,
670 3712 851 3803 perieulum
875 3712 965 3784 adire
995 3712 1114 3794 noluit,
1142 3720 1199 3782 aut
1231 3709 1288 3802 qui
1316 3707 1377 3779 sibi

301 3834 483 3907 libertatem
500 3845 618 3926 sponte
634 3857 694 3907 sua
708 3846 764 3908 aut
777 3836 970 3930 negligentia
983 3836 1189 3929 abjudicavit,
1205 3855 1279 3907 eum
1296 3833 1382 3914 serui

302 3965 430 4029 tantum
447 3979 546 4032 censu
560 3960 753 4034 liberentur.
784 3959 831 4035 Ne
850 3962 945 4034 exilio
963 3961 1096 4054 quidem
1125 3958 1235 4032 divitas
1264 3956 1379 4033 adimi·

343 4325 354 4366 1
369 4325 430 4392 ero
444 4324 533 4402 σιω,
549 4327 597 4392 aa.
