3546 5454
826 569 1016 638 ..62-

378 725 476 787 esset.
509 714 590 787 Nam
618 735 649 784 a.
674 717 741 786 575
771 714 813 786 Α.
847 714 1016 786 Postumio
1044 712 1179 797 Albino,
1208 712 1245 784 C.
1276 713 1453 805 Calpurnio

378 858 481 918 coss..
517 837 672 910 Cumanis
702 840 888 929 petentibus
927 841 1123 932 permissum
1161 851 1210 912 est
1249 850 1285 911 ot
1322 840 1453 931 publiee

377 963 476 1034 latine
505 962 718 1054 loquerentur
749 974 780 1034 et
818 965 1022 1054 preconibus
1059 966 1159 1037 latine
1197 963 1358 1036 vendendi
1400 964 1453 1054 jus

377 1096 462 1158 esset
476 1084 501 1158 1.
534 1086 568 1156 Si
598 1088 684 1158 hune
706 1087 813 1159 latinae
830 1089 948 1181 linguae
964 1107 1061 1161 usum
1089 1098 1200 1181 petere
1230 1110 1249 1160 a
1277 1088 1454 1179 Republica

376 1212 522 1284 Romana
537 1232 669 1285 neeesse
692 1213 766 1296 luit,
785 1214 889 1284 multo
915 1216 1018 1308 magis
1043 1214 1179 1307 alicujus
1207 1192 1291 1306 juris
1316 1213 1453 1286 Romani

377 1355 458 1408 usus
488 1345 557 1408 erat
586 1337 757 1430 petendus.
790 1337 902 1430 ltaque
930 1339 1089 1412 beneficio
1136 1341 1250 1432 populi
1288 1341 1452 1422 Romani,

376 1470 566 1534 nouantem
581 1481 642 1534 suo
654 1463 728 1553 jure
744 1463 855 1554 populi
870 1463 964 1534 lundi
981 1463 1077 1536 finnt.

424 1610 467 1682 At
477 1610 561 1702 juris
581 1611 711 1702 petendi
727 1620 784 1682 aut
810 1611 956 1684 beneficii
986 1613 1162 1704 aecipiendi
1185 1635 1316 1706 semper
1342 1609 1453 1687 liberis

376 1735 557 1808 ciuitatibus
572 1737 794 1822 laeultaslnit,
814 1739 934 1830 quibus
950 1759 1082 1831 qnoque
1111 1749 1144 1812 et
1163 1740 1217 1831 jus
1247 1761 1312 1812 non
1344 1750 1454 1832 petere

376 1866 408 1930 et
432 1858 627 1929 beneficium
656 1859 800 1930 abnuere
816 1859 943 1939 licebat,
963 1869 999 1930 ut
1018 1861 1151 1932 ¹constat
1167 1883 1204 1933 ex
1233 1863 1305 1953 ipso
1323 1858 1453 1932 Cinere-

376 1978 456 2051 ne'2.
486 1979 706 2062 Quamobrem
736 1980 866 2052 Furiam
905 2002 942 2053 ao
976 1980 1154 2054 Voconiam
1182 1985 1223 2056 de
1252 1984 1452 2055 testamentis

373 2106 460 2197 leges
473 2105 678 2178 adsciverunt
691 2105 805 2190 Latini,
842 2127 900 2198 per
923 2127 1004 2198 quas
1020 2107 1131 2199 legatis
1146 2109 1265 2180 modus
1280 2109 1452 2200 impositus

375 2242 426 2305 est
439 2240 472 2302 et
489 2239 619 2302 uantum
635 2251 675 2302 ne
691 2233 845 2304 mulieres
873 2234 914 2304 ad
934 2234 1127 2305 hereditates
1143 2235 1294 2306 accedere
1311 2236 1450 2324 possint,

375 2377 456 2450 quas
472 2355 612 2428 moxlex
633 2354 784 2438 Falcidia,
803 2357 835 2427 in
852 2358 938 2429 idem
961 2360 1168 2450 propositum
1197 2360 1272 2441 lata,
1303 2368 1454 2431 secutura

361 2491 456 2550 erat.
482 2479 529 2550 Eo
545 2499 662 2571 genere
677 2480 764 2572 leges
795 2501 881 2572 saepe
896 2480 974 2551 sooii
996 2482 1200 2552 adsciverunt
1213 2479 1239 2551 ³.
1270 2480 1351 2552 ltem
1379 2499 1453 2551 cum

374 2607 444 2698 lege
465 2606 548 2677 lulla
575 2606 683 2677 civitas
713 2607 808 2678 sociis
836 2617 869 2677 et
895 2606 1015 2678 Latinis
1044 2608 1116 2678 data
1145 2607 1218 2692 luit,
1254 2609 1311 2699 qui
1339 2608 1452 2699 populi

375 2730 468 2801 lundi
485 2749 551 2821 non
566 2730 671 2813 luere,
688 2729 848 2802 civitatem
863 2752 929 2802 non
945 2730 1143 2802 habuerunt.

431 2883 506 2956 Haeo
525 2883 646 2967 verba,
679 2883 741 2974 Qui
766 2886 870 2972 populi
891 2885 982 2969 [erudi
1004 2885 1078 2968 sueti
1100 2901 1162 2951 oon
1179 2894 1286 2963 essent,
1305 2885 1452 2952 modulum

373 3032 435 3080 uon
469 3012 626 3091 deberem,
656 3008 735 3100 legis
772 3007 864 3078 Julian
892 3027 1007 3078 ossea
1039 3006 1204 3098 plerisque
1236 3005 1450 3077 existimatur.

372 3130 494 3205 Contra
511 3143 618 3204 tamen
634 3141 726 3222 putat
741 3131 900 3203 Henriuns
915 3130 1062 3202 Valesius
1076 3132 1102 3202 4.
1133 3132 1181 3202 Ex
1195 3133 1202 3200 i
1208 3152 1265 3221 psa
1282 3134 1452 3202 sententiae

372 3257 489 3337 forma,
522 3276 595 3347 qnae
620 3254 842 3326 conditionem
869 3253 1010 3335 indicat,
1043 3255 1113 3326 sine
1145 3276 1210 3347 qua
1233 3275 1300 3338 non
1316 3255 1452 3325 Romani

372 3379 456 3452 eires
470 3379 599 3462 fierent,
625 3379 703 3471 legis
718 3379 786 3452 haee
799 3378 897 3452 uerba
925 3379 1024 3452 luisse
1052 3380 1130 3451 mibi
1161 3379 1312 3452 videntur
1338 3379 1452 3452 renita-

414 3738 502 3806 ¹Liu
519 3759 569 3821 η,
586 3739 633 3804 ld.

411 3877 499 3937 9Ρνο
512 3873 621 3951 Bulbo,
637 3891 704 3951 nni,
722 3873 771 3934 nl.

411 4007 664 4085 ³Liv.,xn1,29;
693 4005 768 4083 Cio,
789 4008 827 4067 Iu
846 4006 945 4083 Vero,
967 4025 989 4083 1,
1007 4006 1063 4085 lm
1087 4007 1275 4086 DeSerteel.5
1290 4027 1309 4070 v
1320 4027 1329 4086 ;
1359 4007 1449 4088 Gell,

373 4113 422 4177 xx,
440 4098 467 4175 l,
481 4098 541 4175 233
556 4095 655 4172 Gaius,
670 4113 704 4173 11,
719 4096 789 4172 aab,
804 4097 874 4172 226,
891 4094 949 4158 all
963 4106 991 4156 et
1005 4115 1046 4174 rr,
1063 4097 1122 4175 233
1139 4097 1256 4176 Iastia,
1270 4116 1306 4176 n,
1321 4097 1369 4162 22.

412 4232 426 4275 4
439 4229 524 4312 Apud
538 4228 645 4293 Graevii
657 4229 835 4293 thesaurum.
