3546 5454
744 602 936 676 *69-

296 753 456 844 populum
473 753 542 825 fieri
558 753 654 834 dioal,
674 754 761 845 quod
776 737 884 846 aliqua
909 754 961 824 len
984 753 1106 824 adscita
1134 751 1168 822 in
1186 770 1277 833 eum,
1311 758 1382 820 lau·

293 873 439 972 quamin
465 877 604 949 fundum
634 877 766 949 residat.
801 877 870 948 Hoo
901 887 966 947 tam
990 875 1166 968 ridiculum
1196 884 1247 947 est
1280 894 1379 967 quam

265 989 267 994 ’
292 1003 392 1074 fidem
407 1001 481 1100 diei,
499 1002 575 1093 quia
590 1000 658 1085 fiat,
679 1001 767 1092 quod
784 1000 907 1071 dietum
931 1007 992 1070 est.
1024 998 1082 1069 His
1104 1006 1219 1098 *mutan
1250 995 1384 1089 origini·

296 1125 359 1197 bus
373 1124 588 1217 indulgebant
615 1131 739 1196 veteres
771 1122 923 1194 Romani.
944 1120 988 1192 nt
1002 1141 1060 1214 ego
1079 1120 1218 1192 libenter
1234 1121 1297 1191 boo
1315 1138 1384 1190 rer·

296 1251 376 1322 bum
394 1253 511 1338 feodos
526 1268 600 1320 oum
614 1249 721 1320 verbis
733 1250 841 1336 soedus
863 1257 896 1318 et
918 1249 991 1336 fides
1015 1245 1181 1338 oonleram
1212 1253 1245 1316 et
1273 1244 1318 1314 illi
1336 1252 1385 1314 at·‘

298 1397 363 1469 que
379 1375 429 1447 bis
453 1375 600 1448 eamdem
628 1377 788 1469 originem
816 1375 1019 1458 samaritam,
1047 1377 1161 1456 boudlt,
1192 1373 1382 1457 attribuam,

298 1501 452 1592 cujusvis
468 1503 598 1594 propria
614 1511 663 1573 est
685 1505 793 1591 ligore.
822 1501 944 1572 Eadem
970 1520 1047 1571 vero
1074 1499 1219 1592 analogia
1234 1506 1284 1596 est
1299 1497 1384 1569 inter

297 1627 523 1713 recessundus
554 1634 585 1697 et
616 1627 689 1714 tides
716 1634 815 1716 atque
842 1623 939 1695 inter·
959 1624 1106 1716 ejusdem
1135 1623 1225 1695 uerbi
1261 1622 1385 1693 formas

296 1749 426 1834 sundro
441 1756 473 1818 et
488 1750 570 1835 sudi,
589 1751 715 1818 tundere
729 1757 761 1821 ei
778 1751 890 1833 tutudi,
908 1752 1025 1820 oiuoete
1039 1757 1072 1819 et
1086 1751 1155 1833 oda,
1172 1756 1235 1818 eto.

343 1869 478 1942 Fundus
493 1871 591 1963 igitur
607 1873 740 1966 antiqua
757 1894 817 1944 ron
833 1874 876 1944 sit
892 1895 955 1966 qua
971 1874 1171 1966 significetur
1198 1872 1254 1964 qui
1286 1871 1385 1964 hujus

224 2085 226 2088 Ι
297 1997 424 2088 generis
440 1995 564 2069 loedere
580 1997 696 2089 ligatur
710 1999 875 2091 fidemque
891 2000 945 2072 dat
962 2001 1104 2092 populus
1124 2023 1132 2070 ε
1152 1999 1241 2090 quod
1266 1997 1385 2071 oonfir·

296 2129 363 2191 mat
376 2121 524 2221 adJ'eolivi
544 2123 686 2194 nominis
703 2123 820 2194 lorma.

347 2245 431 2318 Fieri
449 2255 556 2318 tamen
580 2255 689 2337 potest
713 2267 844 2340 quoque
873 2258 909 2318 ut
937 2247 1025 2320 idem
1045 2247 1181 2319 verbum
1212 2245 1318 2338 primo
1336 2247 1389 2334 qui

287 2369 387 2454 fidem
416 2369 503 2450 dont,
538 2367 655 2439 deinde
684 2368 824 2441 solidam
856 2371 969 2441 sedem
1004 2389 1069 2461 qua
1093 2387 1208 2474 vseoure
1239 2368 1386 2438 nitantur

297 2490 500 2560 indicauerit.

355 2612 456 2686 Nobis
486 2614 584 2706 igitur
611 2614 704 2686 lundi
736 2617 850 2708 populi
881 2616 1034 2688 ridentur
1062 2616 1161 2687 luisse
1189 2615 1268 2686 nibil
1295 2615 1387 2686 aliud

298 2759 396 2832 quam
412 2739 574 2824 loederati,
592 2742 647 2830 qui
664 2741 836 2832 peculiaris
854 2740 967 2812 formae
983 2740 1105 2812 loedere
1121 2739 1206 2831 leges
1222 2738 1385 2809 Romanas

299 2863 459 2956 quasdam
476 2863 657 2936 adsoisoere
672 2864 835 2947 solebant,
853 2874 890 2934 ut
905 2866 1022 2936 eodem
1034 2866 1108 2955 jure
1125 2872 1223 2955 atque
1246 2861 1388 2953 populus

301 2989 483 3073 Romanus,
504 2989 536 3057 iu
560 2988 658 3060 rebus
687 2989 820 3081 quidem
855 2989 1002 3080 privatis,
1035 2997 1207 3060 uterentur
1233 3007 1270 3058 ao
1299 2986 1387 3057 irue-

299 3124 412 3186 rentur
433 3125 466 3186 et
483 3116 585 3207 aquis
610 3116 855 3189 conditionibus
880 3135 954 3188 oum
986 3113 1109 3185 uiribus
1139 3113 1283 3184 romanis
1312 3133 1387 3204 age·

300 3247 373 3309 rent
388 3236 412 3309 ¹.

339 3599 439 3660 1Sunt
454 3598 505 3678 qui
532 3608 632 3679 putent
648 3598 768 3678 populos
800 3597 904 3659 fundos
930 3615 992 3658 esse
1015 3596 1105 3659 diotos
1129 3618 1145 3660 a
1173 3597 1293 3676 Fundis,
1317 3598 1390 3661 Latii

297 3686 412 3769 oppido,
428 3687 507 3767 quod
530 3687 560 3746 in
587 3685 690 3767 primis
705 3704 772 3748 eum
786 3685 948 3748 Formianis
971 3698 999 3748 et
1026 3686 1197 3767 quibusdam
1224 3685 1290 3748 aliis
1317 3686 1390 3749 oivi-

298 3786 382 3837 tatem
397 3775 531 3838 obtinuit.
562 3774 809 3847 Quemadmodum
834 3776 882 3858 jus
905 3775 1043 3837 Caritum
1071 3774 1147 3837 idem
1171 3787 1328 3856 eratatque
1343 3775 1390 3857 jus

297 3863 420 3926 civitatis
446 3862 508 3926 sine
523 3861 681 3942 suffragio,
697 3864 739 3924 sio
752 3863 799 3944 jus
814 3864 982 3927 Fundorum
997 3864 1032 3927 de
1048 3864 1172 3945 signaret
1187 3864 1235 3946 jus
1249 3863 1390 3946 optimum

296 3952 420 4014 civitatis
446 3952 668 4031 facultatemque
692 3951 745 4013 hoe
759 3952 806 4032 jus
818 3953 998 4035 adipiscendi
1013 3953 1212 4034 respuendive.
1237 3954 1279 4015 Ea
1292 3951 1390 4035 opinio

299 4040 423 4102 niloerti
443 4043 474 4103 in
502 4059 532 4102 se
558 4039 642 4103 babet
668 4060 674 4103 :
704 4060 846 4122 nusquam
873 4042 1001 4104 vidimus
1017 4043 1133 4104 Fundos
1156 4041 1292 4104 dissimili
1316 4059 1389 4103 oon-

299 4128 406 4191 ditione
431 4129 520 4191 luisse
548 4141 632 4210 atque
645 4129 774 4192 Formias
800 4131 985 4213 Capuamque
999 4144 1027 4194 et
1040 4141 1133 4192 uetera
1147 4130 1260 4212 oppida,
1284 4129 1390 4212 quibus

297 4217 347 4298 jus
374 4219 511 4301 eivitatis,
530 4218 575 4284 vel
591 4237 657 4284 oum
674 4219 819 4301 suffragio,
835 4221 879 4282 vel
895 4220 956 4282 sine
972 4221 1120 4301 suffragio,
1144 4239 1311 4284 conoessum
1323 4219 1398 4283 luit,
