3546 5454
817 586 1010 658 ..qq-

380 715 539 791 suciorum
567 743 679 818 agrum
708 732 857 807 invadere
882 736 1043 820 solebant,
1073 739 1236 833 vectigalia
1252 762 1290 812 err
1317 741 1370 822 iis,
1396 740 1453 832 qui

379 842 505 914 metalla
522 853 725 940 exercebant,
743 860 896 930 exacturi.
915 859 977 932 Ubi
997 873 1120 947 autem,
1155 874 1192 935 ut
1224 865 1285 957 ipsi
1316 867 1453 937 Romani

379 967 631 1064 confitebantur,
664 983 855 1073 publicanus
885 994 961 1068 est,
994 988 1038 1058 ibi
1072 999 1128 1060 aut
1153 992 1206 1081 jus
1234 1011 1367 1072 vanum,
1397 999 1454 1061 aut

377 1097 508 1170 libertas
523 1101 611 1172 nulla
625 1125 694 1178 esse
710 1118 828 1199 potest.
846 1108 1059 1184 Proconsules
1076 1113 1173 1206 igitur
1194 1114 1226 1184 in
1241 1115 1360 1185 liberas
1376 1115 1452 1186 ciri·

378 1232 460 1296 tates
487 1223 599 1298 eadem
630 1229 696 1302 lere
721 1233 843 1302 ratione
873 1242 971 1325 atque
1002 1237 1033 1306 in
1063 1237 1220 1328 reliquam
1252 1236 1453 1327 provinciam

377 1348 567 1445 regnabant,
595 1365 640 1438 et,
671 1378 743 1449 quae
772 1358 901 1443 vellent,
936 1361 1109 1452 quotannis
1140 1361 1320 1432 edicebant.
1350 1353 1453 1432 Sociis

375 1495 466 1553 vero,
484 1482 520 1543 ut
539 1477 729 1568 peregrinis,
761 1488 917 1568 patronus
947 1482 1057 1552 Rome
1074 1480 1209 1551 dabatur
1225 1493 1323 1573 atque
1346 1482 1386 1552 ab
1406 1483 1453 1553 eis

375 1605 467 1680 missi
481 1603 574 1696 legati
590 1606 714 1676 senatui
730 1607 875 1678 Romano
898 1608 1117 1698 querimonias
1147 1608 1274 1680 deferre
1303 1618 1455 1700 poteraut

376 1732 498 1822 saepius
514 1729 644 1802 inutiles
658 1727 684 1800 ¹.

422 1845 579 1927 Paulatim
599 1857 684 1926 inter
700 1854 804 1926 socios
829 1855 1044 1948 subditosque
1073 1857 1245 1928 discrimen
1277 1877 1375 1928 omne
1403 1865 1454 1928 est

374 1982 541 2055 sublatum
567 1981 773 2072 desitumque
807 1989 920 2069 postea
943 1980 1043 2050 videri
1072 1981 1251 2073 quidquam
1281 1982 1312 2050 in
1345 1981 1451 2052 socios

375 2107 487 2199 injusti
502 2103 527 2175 2.
567 2104 706 2175 brontia
734 2105 967 2196 proconsulum
1000 2125 1118 2176 eversae
1155 2116 1232 2176 sunt
1263 2105 1449 2196 provinciae.

298 2255 299 2258 ¹
373 2232 462 2302 Bona
490 2228 620 2312 civium,
652 2238 688 2298 ut
715 2229 857 2318 predam
885 2249 992 2311 suam,
1025 2229 1115 2299 basta
1143 2230 1257 2320 posita,
1291 2230 1452 2300 vendebat

372 2353 695 2444 Sullalllassiliaque,
724 2352 842 2424 renatis
865 2373 901 2424 ao
930 2354 1064 2443 perditis
1094 2355 1212 2426 exteris
1245 2355 1448 2436 nationibus,

374 2489 512 2569 portata,
538 2488 573 2549 ut
598 2480 642 2547 ait
670 2478 805 2560 Tullius,
840 2478 869 2548 in
904 2478 1069 2569 triumpho
1098 2480 1165 2548 risa
1194 2489 1257 2561 est,
1287 2478 1357 2548 siue
1386 2499 1451 2569 qua

372 2613 481 2674 tamen
501 2602 713 2690 imperatores
728 2601 863 2670 Romani
892 2620 1058 2692 nunquam
1078 2621 1116 2671 en
1133 2600 1226 2672 bellis
1244 2601 1453 2691 transalpinis

374 2729 642 2817 triumphassent.
660 2725 735 2795 Fuit
749 2725 847 2817 igitur
875 2727 927 2797 illa
947 2727 1016 2796 laus
1032 2723 1196 2796 Ciceronis
1213 2726 1327 2798 eximia
1346 2727 1453 2797 socios

374 2853 558 2943 eloquentia
587 2850 693 2934 tueri;
738 2850 815 2921 salis
858 2853 945 2922 enim
984 2851 1015 2920 io
1044 2851 1201 2920 memoria
1228 2851 1387 2921 babemus
1417 2851 1450 2919 in

378 2976 531 3048 Pisonem
548 2986 580 3048 et
610 2977 643 3046 in
672 2975 807 3047 Verrem
838 2976 999 3046 orationes
1029 2975 1210 3067 missasque
1239 2977 1279 3045 ad
1309 2973 1452 3045 Atticum

371 3102 481 3174 autad
496 3102 653 3187 Quintum
686 3101 818 3170 fratrem
836 3100 1002 3190 epistolas,
1020 3099 1052 3168 in
1069 3098 1188 3191 quibus
1205 3098 1287 3169 hanc
1314 3099 1449 3168 tutelam

372 3228 636 3298 honestissimam
654 3245 724 3296 esse
741 3225 879 3296 dicebat.

422 3350 703 3435 Quemadmodum
722 3370 796 3421 rero
814 3349 919 3420 socios
935 3359 1105 3442 protegere
1120 3346 1267 3420 Ciceroni
1289 3349 1449 3440 placebat,

373 3478 419 3550 sic
434 3477 474 3548 de
502 3479 724 3548 Romanorum
753 3475 829 3566 jure
856 3475 902 3544 nil
933 3473 1150 3545 minuendum
1178 3493 1248 3545 esse
1283 3475 1447 3546 censebat.

373 3600 486 3692 Neque
501 3602 588 3674 onim
605 3601 706 3670 oratio
731 3619 789 3689 pro
819 3599 918 3669 balbo
942 3591 1130 3670 adversatur
1147 3598 1179 3668 in
1195 3599 1330 3670 Verrem
1346 3598 1448 3669 autin

374 3725 525 3796 Pisonem
540 3724 755 3795 orationibus.
776 3723 941 3814 Quidquid
969 3721 1166 3814 Reipublicae
1188 3724 1345 3794 interesse
1362 3723 1449 3796 ride·

374 3861 441 3934 tur,
461 3850 493 3921 id
507 3848 638 3922 sublimi
655 3869 806 3922 sermone
820 3847 948 3939 probat.

416 4207 501 4267 1Ρνο
522 4206 638 4282 Flacco,
655 4225 726 4283 nnn,
743 4205 792 4267 52.
835 4236 840 4246 ι
1160 4234 1162 4238 ’

417 4316 488 4374 21>r
499 4311 565 4391 effi,
582 4329 615 4386 u,
631 4317 659 4388 8,
676 4312 714 4373 ⁶27
727 4323 755 4374 et
767 4315 804 4373 28
820 4325 847 4375 et
858 4312 987 4393 Philip,
1003 4333 1066 4393 rur,
1081 4321 1110 4393 6,
1126 4317 1172 4377 l8.
