3546 5454
742 631 791 667 ·..
817 616 863 686 47
890 653 935 668 ..

296 785 371 857 ager
383 766 494 856 populi
512 756 647 837 Romani
671 745 821 857 publicus
845 767 946 837 tactus
963 785 982 836 a
1000 763 1192 837 censoribus
1207 762 1371 853 prioribus

296 890 542 981 possessoribus
558 881 656 962 locari
671 891 797 976 solebat
811 890 835 962 1.

345 1037 471 1130 Saepius
484 1058 560 1111 uero
574 1040 746 1113 amicitiam
765 1061 838 1113 cum
853 1041 922 1112 aliis
940 1040 1068 1133 populis
1079 1039 1237 1112 iaciebant
1250 1037 1276 1125 23
1294 1059 1374 1130 pau·

297 1164 434 1237 cissimae
449 1176 574 1238 tantum
588 1167 700 1251 urbes,
718 1175 754 1238 ut
767 1167 914 1259 quinque
939 1165 1055 1238 Siciliae
1079 1167 1234 1248 ciuitates,
1254 1164 1374 1237 Centu-

299 1289 415 1382 ripina,
444 1290 616 1374 Halasina,
645 1291 843 1384 Segestana,
872 1290 1090 1383 Halicyensis,
1121 1290 1372 1373 Panormitano,
1508 1315 1509 1319 ¹

299 1413 410 1486 liberae
426 1423 458 1486 at
474 1415 638 1488 immunes
653 1416 722 1488 sina
741 1416 864 1488 foedere
893 1414 1023 1486 erantss.
1052 1414 1172 1498 Foedus
1202 1433 1277 1485 varo
1308 1433 1375 1484 non

297 1535 359 1607 nisi
374 1538 530 1612 sacrificio
549 1550 679 1631 peracto
704 1541 925 1631 invocatisque
950 1539 1012 1610 diis
1039 1538 1276 1609 immortalibus
1298 1538 1375 1630 jun·

254 1684 257 1690 ·
298 1661 445 1754 gebatur.
461 1661 568 1734 Haeca
583 1683 693 1735 rarum
710 1663 923 1754 scriptoribus
947 1672 979 1734 et
1007 1684 1027 1732 a
1053 1662 1157 1753 poetis
1191 1682 1276 1754 saepe
1302 1661 1376 1733 des·

301 1785 402 1874 cripta
418 1793 507 1855 sunt.

348 1930 444 2024 bpod
461 1933 499 2004 T.
517 1932 642 2005 Livium
659 1935 699 2006 de
713 1934 875 2006 ioederum
889 1935 954 2006 ritu
971 1934 1067 2027 digna
1082 1936 1246 2006 notatione
1264 1935 1391 2044 legon-¹

302 2065 368 2127 tur.
397 2057 472 2146 lpse
502 2057 568 2128 dux
594 2059 681 2148 pacis
709 2059 795 2149 lagos
827 2059 965 2143 dicebat,
993 2058 1107 2149 populi
1133 2058 1226 2150 jussu
1251 2059 1379 2149 lataque

302 2181 384 2272 laga,
403 2190 435 2252 at
458 2181 605 2266 fetiales,'
630 2191 762 2272 sumpta
787 2203 826 2252 en
857 2203 929 2254 arce
949 2182 1050 2253 herba
1075 2203 1178 2264 sacra,
1207 2181 1247 2252 ad
1273 2182 1379 2254 ioedus

302 2304 486 2376 faciendum
502 2285 609 2378 ibant(
622 2306 665 2378 Ut
680 2307 803 2378 bollum
827 2307 1025 2392 indicebant,
1057 2307 1100 2377 ita
1129 2326 1241 2398 pacem
1263 2306 1380 2378 confir·

302 2426 474 2498 mabant4.
1391 2441 1393 2448 ·

349 2575 488 2648 Interest
503 2586 613 2649 autem
632 2587 743 2650 utrum
772 2578 895 2652 foedera
921 2579 1049 2671 juncto,
1079 2598 1119 2649 au
1149 2579 1239 2648 nullo
1258 2577 1380 2650 foedere

304 2701 415 2773 liberae
444 2695 509 2773 sint
537 2703 692 2775 ciuitates.
713 2701 891 2776 Foederata
906 2704 1038 2797 quidem
1053 2705 1126 2796 jura
1142 2703 1253 2775 liberae
1275 2712 1352 2774 sunt
1369 2687 1395 2785 ;Ι

303 2821 481 2894 ubifcedus
504 2843 570 2894 uon
597 2817 660 2907 est,
682 2824 728 2896 ibi
756 2825 888 2897 libertas
914 2826 983 2918 lage
1012 2846 1096 2897 nova
1123 2825 1220 2897 adimi
1247 2833 1378 2915 potcst3

302 2946 435 3018 libertas
452 2947 524 3038 ipso
541 2947 624 3019 iacto
643 2958 705 3033 cst,
723 2969 789 3020 non
800 2951 876 3042 Jure
891 2950 916 3018 ⁵.
967 3046 969 3050 Ι

352 3093 569 3188 AEqualiaaut
584 3093 755 3186 inaequalia
780 3093 903 3165 ioedcra
924 3101 1027 3164 erant.
1049 3093 1134 3163 Raro
1149 3112 1223 3164 cum
1251 3093 1395 3183 populis

304 3224 374 3295 aiiis
391 3223 496 3296 Roma
510 3223 617 3296 soedus
631 3242 763 3316 aequum
790 3221 909 3314 junxit.
936 3218 1127 3292 Cassianum
1151 3220 1259 3292 foedos
1276 3229 1381 3291 umen

345 3611 430 3672 1Ρνο
445 3611 503 3692 top.
520 3629 604 3693 upa,
620 3628 642 3688 1,
659 3616 677 3671 6
691 3623 719 3672 ot
732 3629 767 3688 11,
783 3613 839 3688 323
857 3611 896 3671 In
914 3609 1014 3688 Vera,
1030 3627 1077 3689 111,
1093 3615 1121 3673 6.

345 3743 359 3784 2
372 3740 519 3822 Sigonius,
533 3744 577 3804 Dc
587 3748 652 3804 unt.
665 3742 721 3824 jur
736 3741 823 3820 ital„
840 3760 875 3820 11,
894 3743 941 3804 tt.

315 3875 360 4025 Vss
374 3875 500 3951 Daresta,
514 3874 558 3934 Dc
569 3870 663 3952 forna.
681 3878 709 3935 ct
721 3873 807 3936 cond.
824 3871 928 3950 suit,
944 3889 972 3954 p.
992 3873 1039 3935 t3,
1070 3907 1110 3919 -
1135 3872 1219 3935 (loni.
1235 3869 1326 3937 Cicer.
1344 3869 1383 3936 Iu

338 3980 414 4040 err„
430 3981 476 4041 111,
492 3969 521 4024 b.

347 4094 438 4157 ⁴Liv.
455 4114 525 4174 xxx,
543 4097 579 4159 43
592 4115 600 4175 3
616 4116 638 4174 1,
651 4100 701 4160 bi.

348 4230 360 4272 ⁵
375 4227 460 4291 Liber
474 4229 596 4312 populus
611 4229 636 4292 is
649 4242 691 4292 ast
704 4229 755 4310 qui
768 4229 878 4292 nullius
891 4227 1009 4293 alterius
1035 4229 1133 4313 populi
1161 4233 1290 4314 potestati
1316 4231 1385 4296 sub-

307 4319 398 4398 jectus
411 4330 463 4383 est.
478 4353 517 4368 -
540 4321 610 4403 Dip.
628 4321 664 4384 do
678 4327 758 4400 capt.
774 4327 801 4383 et
811 4319 904 4399 postt.
921 4321 1055 4384 reversis
1069 4322 1127 4403 lep.
1144 4322 1163 4383 7
1177 4322 1213 4384 ir.
1231 4342 1242 4384 r
1257 4322 1380 4387 Proculi.
1393 4357 1395 4362 ·
