<?xml version="1.0" encoding="UTF-8"?>
<!DOCTYPE html PUBLIC "-//W3C//DTD XHTML 1.0 Transitional//EN"
    "http://www.w3.org/TR/xhtml1/DTD/xhtml1-transitional.dtd">
<html xmlns="http://www.w3.org/1999/xhtml" xml:lang="en" lang="en">
 <head>
  <title>
</title>
<meta http-equiv="Content-Type" content="text/html;charset=utf-8" />
  <meta name='ocr-system' content='tesseract 3.04.00' />
  <meta name='ocr-capabilities' content='ocr_page ocr_carea ocr_par ocr_line ocrx_word'/>
</head>
<body>
  <div class='ocr_page' id='page_1' title='image "./demtulliicicero00gasqgoog_0054.png"; bbox 0 0 3546 5454; ppageno 0'>
   <div class='ocr_carea' id='block_1_1' title="bbox 695 1349 977 1414">
    <p class='ocr_par' dir='ltr' id='par_1_1' title="bbox 695 1349 977 1414">
     <span class='ocr_line' id='line_1_1' title="bbox 695 1349 977 1414; baseline 0.004 -1"><span class='ocrx_word' id='word_1_1' title='bbox 695 1349 872 1413; x_wconf 84' lang='lat' dir='ltr'><strong>CAPUT</strong></span> <span class='ocrx_word' id='word_1_2' title='bbox 926 1352 977 1414; x_wconf 89' lang='lat' dir='ltr'>1v</span> 
     </span>
    </p>
   </div>
   <div class='ocr_carea' id='block_1_2' title="bbox 331 1722 1343 1804">
    <p class='ocr_par' dir='ltr' id='par_1_2' title="bbox 331 1722 1343 1804">
     <span class='ocr_line' id='line_1_2' title="bbox 331 1722 1343 1804; baseline -0.005 -14"><span class='ocrx_word' id='word_1_3' title='bbox 331 1736 384 1790; x_wconf 74' lang='lat' dir='ltr'>ne</span> <span class='ocrx_word' id='word_1_4' title='bbox 410 1722 571 1804; x_wconf 72' lang='lat' dir='ltr'>populis</span> <span class='ocrx_word' id='word_1_5' title='bbox 596 1729 797 1790; x_wconf 71' lang='lat' dir='ltr'>faederati!</span> <span class='ocrx_word' id='word_1_6' title='bbox 822 1736 863 1788; x_wconf 77' lang='lat' dir='ltr'>et</span> <span class='ocrx_word' id='word_1_7' title='bbox 888 1729 938 1788; x_wconf 82' lang='lat' dir='ltr'>de</span> <span class='ocrx_word' id='word_1_8' title='bbox 963 1729 1106 1789; x_wconf 72' lang='lat' dir='ltr'>ioedere</span> <span class='ocrx_word' id='word_1_9' title='bbox 1135 1729 1343 1789; x_wconf 73' lang='lat' dir='ltr'>Gaditano.</span> 
     </span>
    </p>
   </div>
   <div class='ocr_carea' id='block_1_3' title="bbox 342 2639 1375 2733">
    <p class='ocr_par' dir='ltr' id='par_1_3' title="bbox 342 2639 1375 2733">
     <span class='ocr_line' id='line_1_3' title="bbox 342 2639 1375 2733; baseline 0 -24"><span class='ocrx_word' id='word_1_10' title='bbox 342 2639 505 2730; x_wconf 79' lang='lat' dir='ltr'>Inspicere</span> <span class='ocrx_word' id='word_1_11' title='bbox 526 2660 614 2712; x_wconf 88' lang='lat' dir='ltr'>nune</span> <span class='ocrx_word' id='word_1_12' title='bbox 640 2640 714 2712; x_wconf 88' lang='lat' dir='ltr'>lieet</span> <span class='ocrx_word' id='word_1_13' title='bbox 744 2661 809 2733; x_wconf 89' lang='lat' dir='ltr'>quo</span> <span class='ocrx_word' id='word_1_14' title='bbox 836 2641 925 2733; x_wconf 88' lang='lat' dir='ltr'>jure,</span> <span class='ocrx_word' id='word_1_15' title='bbox 951 2661 991 2712; x_wconf 83' lang='lat' dir='ltr'>en</span> <span class='ocrx_word' id='word_1_16' title='bbox 1018 2640 1153 2723; x_wconf 81' lang='lat' dir='ltr'>foedere,</span> <span class='ocrx_word' id='word_1_17' title='bbox 1186 2640 1375 2712; x_wconf 82' lang='lat' dir='ltr'>fruerentur</span> 
     </span>
    </p>
   </div>
   <div class='ocr_carea' id='block_1_4' title="bbox 293 2762 1375 3226">
    <p class='ocr_par' dir='ltr' id='par_1_4' title="bbox 293 2762 1375 3226">
     <span class='ocr_line' id='line_1_4' title="bbox 293 2762 1370 2856; baseline -0.002 -22"><span class='ocrx_word' id='word_1_18' title='bbox 293 2762 454 2844; x_wconf 84' lang='lat' dir='ltr'>Gaditani,</span> <span class='ocrx_word' id='word_1_19' title='bbox 480 2773 589 2835; x_wconf 82' lang='lat' dir='ltr'>utrum</span> <span class='ocrx_word' id='word_1_20' title='bbox 607 2774 780 2855; x_wconf 79' lang='lat' dir='ltr'>exceptum</span> <span class='ocrx_word' id='word_1_21' title='bbox 796 2764 922 2856; x_wconf 91' lang='lat' dir='ltr'>aliquid</span> <span class='ocrx_word' id='word_1_22' title='bbox 941 2774 1027 2835; x_wconf 86' lang='lat' dir='ltr'>esset</span> <span class='ocrx_word' id='word_1_23' title='bbox 1045 2765 1085 2835; x_wconf 88' lang='lat' dir='ltr'>de</span> <span class='ocrx_word' id='word_1_24' title='bbox 1100 2763 1237 2846; x_wconf 81' lang='lat' dir='ltr'>civitate,</span> <span class='ocrx_word' id='word_1_25' title='bbox 1255 2783 1370 2835; x_wconf 89' lang='lat' dir='ltr'>neone.</span> 
     </span>
     <span class='ocr_line' id='line_1_5' title="bbox 294 2884 1374 2976; baseline -0.001 -20"><span class='ocrx_word' id='word_1_26' title='bbox 294 2887 397 2971; x_wconf 80' lang='lat' dir='ltr'>Quem</span> <span class='ocrx_word' id='word_1_27' title='bbox 426 2896 534 2958; x_wconf 86' lang='lat' dir='ltr'>autem</span> <span class='ocrx_word' id='word_1_28' title='bbox 564 2888 671 2958; x_wconf 89' lang='lat' dir='ltr'>loeum</span> <span class='ocrx_word' id='word_1_29' title='bbox 705 2886 907 2956; x_wconf 82' lang='lat' dir='ltr'>obtinuerint</span> <span class='ocrx_word' id='word_1_30' title='bbox 940 2884 1089 2956; x_wconf 83' lang='lat' dir='ltr'>Gaditani</span> <span class='ocrx_word' id='word_1_31' title='bbox 1124 2885 1209 2956; x_wconf 87' lang='lat' dir='ltr'>iuter</span> <span class='ocrx_word' id='word_1_32' title='bbox 1233 2884 1374 2976; x_wconf 86' lang='lat' dir='ltr'>populos</span> 
     </span>
     <span class='ocr_line' id='line_1_6' title="bbox 294 3007 1375 3104; baseline 0 -25"><span class='ocrx_word' id='word_1_33' title='bbox 294 3009 451 3092; x_wconf 88' lang='lat' dir='ltr'>diversos,</span> <span class='ocrx_word' id='word_1_34' title='bbox 468 3029 549 3104; x_wconf 90' lang='lat' dir='ltr'>quos</span> <span class='ocrx_word' id='word_1_35' title='bbox 574 3021 631 3080; x_wconf 88' lang='lat' dir='ltr'>aut</span> <span class='ocrx_word' id='word_1_36' title='bbox 653 3009 859 3090; x_wconf 83' lang='lat' dir='ltr'>arctioribus,</span> <span class='ocrx_word' id='word_1_37' title='bbox 888 3017 945 3079; x_wconf 86' lang='lat' dir='ltr'>aut</span> <span class='ocrx_word' id='word_1_38' title='bbox 970 3007 1144 3078; x_wconf 79' lang='lat' dir='ltr'>laxioribus</span> <span class='ocrx_word' id='word_1_39' title='bbox 1161 3008 1296 3079; x_wconf 81' lang='lat' dir='ltr'>uinculis</span> <span class='ocrx_word' id='word_1_40' title='bbox 1310 3007 1375 3079; x_wconf 85' lang='lat' dir='ltr'>Ro-</span> 
     </span>
     <span class='ocr_line' id='line_1_7' title="bbox 294 3131 1197 3226; baseline -0.003 -23"><span class='ocrx_word' id='word_1_41' title='bbox 294 3135 381 3204; x_wconf 89' lang='lat' dir='ltr'>mani</span> <span class='ocrx_word' id='word_1_42' title='bbox 395 3133 455 3204; x_wconf 89' lang='lat' dir='ltr'>sihi</span> <span class='ocrx_word' id='word_1_43' title='bbox 472 3133 648 3226; x_wconf 79' lang='lat' dir='ltr'>adjungere</span> <span class='ocrx_word' id='word_1_44' title='bbox 663 3134 820 3214; x_wconf 88' lang='lat' dir='ltr'>solerent,</span> <span class='ocrx_word' id='word_1_45' title='bbox 837 3131 974 3203; x_wconf 88' lang='lat' dir='ltr'>definire</span> <span class='ocrx_word' id='word_1_46' title='bbox 988 3149 1121 3202; x_wconf 85' lang='lat' dir='ltr'>neeesse</span> <span class='ocrx_word' id='word_1_47' title='bbox 1135 3138 1197 3202; x_wconf 91' lang='lat' dir='ltr'>est.</span> 
     </span>
    </p>
   </div>
   <div class='ocr_carea' id='block_1_5' title="bbox 291 3281 1374 3868">
    <p class='ocr_par' dir='ltr' id='par_1_5' title="bbox 291 3281 1374 3868">
     <span class='ocr_line' id='line_1_8' title="bbox 340 3281 1373 3373; baseline 0 -20"><span class='ocrx_word' id='word_1_48' title='bbox 340 3282 486 3356; x_wconf 88' lang='lat' dir='ltr'>Primum</span> <span class='ocrx_word' id='word_1_49' title='bbox 516 3283 611 3354; x_wconf 92' lang='lat' dir='ltr'>uobis</span> <span class='ocrx_word' id='word_1_50' title='bbox 639 3282 814 3354; x_wconf 82' lang='lat' dir='ltr'>invisendae</span> <span class='ocrx_word' id='word_1_51' title='bbox 843 3291 921 3352; x_wconf 91' lang='lat' dir='ltr'>suut</span> <span class='ocrx_word' id='word_1_52' title='bbox 950 3281 1098 3364; x_wconf 85' lang='lat' dir='ltr'>roloniae,</span> <span class='ocrx_word' id='word_1_53' title='bbox 1133 3301 1276 3373; x_wconf 88' lang='lat' dir='ltr'>quorum</span> <span class='ocrx_word' id='word_1_54' title='bbox 1309 3283 1373 3353; x_wconf 93' lang='lat' dir='ltr'>duo</span> 
     </span>
     <span class='ocr_line' id='line_1_9' title="bbox 293 3404 1370 3500; baseline 0.001 -23"><span class='ocrx_word' id='word_1_55' title='bbox 293 3425 409 3498; x_wconf 83' lang='lat' dir='ltr'>genera</span> <span class='ocrx_word' id='word_1_56' title='bbox 439 3406 731 3498; x_wconf 84' lang='lat' dir='ltr'>distinguebantur.</span> <span class='ocrx_word' id='word_1_57' title='bbox 765 3404 909 3496; x_wconf 87' lang='lat' dir='ltr'>Coloniae</span> <span class='ocrx_word' id='word_1_58' title='bbox 937 3406 1108 3488; x_wconf 87' lang='lat' dir='ltr'>Romanae,</span> <span class='ocrx_word' id='word_1_59' title='bbox 1143 3406 1210 3479; x_wconf 88' lang='lat' dir='ltr'>sive</span> <span class='ocrx_word' id='word_1_60' title='bbox 1242 3417 1370 3500; x_wconf 84' lang='lat' dir='ltr'>togatae,</span> 
     </span>
     <span class='ocr_line' id='line_1_10' title="bbox 294 3529 1372 3624; baseline 0.004 -24"><span class='ocrx_word' id='word_1_61' title='bbox 294 3550 366 3601; x_wconf 86' lang='lat' dir='ltr'>uum</span> <span class='ocrx_word' id='word_1_62' title='bbox 383 3530 562 3600; x_wconf 91' lang='lat' dir='ltr'>duumviris</span> <span class='ocrx_word' id='word_1_63' title='bbox 576 3531 645 3600; x_wconf 89' lang='lat' dir='ltr'>suis</span> <span class='ocrx_word' id='word_1_64' title='bbox 660 3539 693 3600; x_wconf 86' lang='lat' dir='ltr'>et</span> <span class='ocrx_word' id='word_1_65' title='bbox 707 3549 765 3600; x_wconf 93' lang='lat' dir='ltr'>sua</span> <span class='ocrx_word' id='word_1_66' title='bbox 781 3529 882 3612; x_wconf 87' lang='lat' dir='ltr'>ouria,</span> <span class='ocrx_word' id='word_1_67' title='bbox 899 3530 991 3621; x_wconf 87' lang='lat' dir='ltr'>quasi</span> <span class='ocrx_word' id='word_1_68' title='bbox 1008 3550 1103 3619; x_wconf 85' lang='lat' dir='ltr'>parva</span> <span class='ocrx_word' id='word_1_69' title='bbox 1130 3531 1222 3603; x_wconf 87' lang='lat' dir='ltr'>urbis</span> <span class='ocrx_word' id='word_1_70' title='bbox 1248 3532 1372 3624; x_wconf 81' lang='lat' dir='ltr'>effigies</span> 
     </span>
     <span class='ocr_line' id='line_1_11' title="bbox 292 3639 1371 3745; baseline 0.001 -23"><span class='ocrx_word' id='word_1_71' title='bbox 292 3639 330 3722; x_wconf 84' lang='lat' dir='ltr'>ao</span> <span class='ocrx_word' id='word_1_72' title='bbox 342 3653 551 3725; x_wconf 78' lang='lat' dir='ltr'>simulacrum</span> <span class='ocrx_word' id='word_1_73' title='bbox 569 3651 591 3721; x_wconf 88' lang='lat'>ยน.</span> <span class='ocrx_word' id='word_1_74' title='bbox 622 3652 699 3722; x_wconf 85' lang='lat' dir='ltr'>lura</span> <span class='ocrx_word' id='word_1_75' title='bbox 726 3653 858 3744; x_wconf 85' lang='lat' dir='ltr'>quidem</span> <span class='ocrx_word' id='word_1_76' title='bbox 887 3653 1102 3744; x_wconf 89' lang='lat' dir='ltr'>institutaque</span> <span class='ocrx_word' id='word_1_77' title='bbox 1132 3655 1243 3726; x_wconf 91' lang='lat' dir='ltr'>omnia</span> <span class='ocrx_word' id='word_1_78' title='bbox 1260 3655 1371 3745; x_wconf 88' lang='lat' dir='ltr'>populi</span> 
     </span>
     <span class='ocr_line' id='line_1_12' title="bbox 291 3775 1374 3868; baseline 0.001 -21"><span class='ocrx_word' id='word_1_79' title='bbox 291 3776 440 3855; x_wconf 86' lang='lat' dir='ltr'>Romani,</span> <span class='ocrx_word' id='word_1_80' title='bbox 457 3775 542 3846; x_wconf 89' lang='lat' dir='ltr'>haud</span> <span class='ocrx_word' id='word_1_81' title='bbox 560 3776 610 3846; x_wconf 89' lang='lat' dir='ltr'>sui</span> <span class='ocrx_word' id='word_1_82' title='bbox 626 3776 751 3846; x_wconf 85' lang='lat' dir='ltr'>arbitrii</span> <span class='ocrx_word' id='word_1_83' title='bbox 769 3776 902 3847; x_wconf 87' lang='lat' dir='ltr'>habent.</span> <span class='ocrx_word' id='word_1_84' title='bbox 934 3776 1085 3848; x_wconf 86' lang='lat' dir='ltr'>Deleetus</span> <span class='ocrx_word' id='word_1_85' title='bbox 1100 3777 1131 3847; x_wconf 94' lang='lat' dir='ltr'>in</span> <span class='ocrx_word' id='word_1_86' title='bbox 1151 3777 1189 3848; x_wconf 93' lang='lat' dir='ltr'>iis</span> <span class='ocrx_word' id='word_1_87' title='bbox 1207 3777 1374 3868; x_wconf 84' lang='lat' dir='ltr'>perficitur</span> 
     </span>
    </p>
   </div>
   <div class='ocr_carea' id='block_1_6' title="bbox 289 3899 1372 4113">
    <p class='ocr_par' dir='ltr' id='par_1_6' title="bbox 289 3899 1372 4113">
     <span class='ocr_line' id='line_1_13' title="bbox 292 3899 1372 3995; baseline 0.005 -27"><span class='ocrx_word' id='word_1_88' title='bbox 292 3907 389 3991; x_wconf 90' lang='lat' dir='ltr'>atque</span> <span class='ocrx_word' id='word_1_89' title='bbox 407 3918 518 3971; x_wconf 89' lang='lat' dir='ltr'>earum</span> <span class='ocrx_word' id='word_1_90' title='bbox 533 3899 647 3971; x_wconf 85' lang='lat' dir='ltr'>incolae</span> <span class='ocrx_word' id='word_1_91' title='bbox 668 3899 701 3970; x_wconf 94' lang='lat' dir='ltr'>in</span> <span class='ocrx_word' id='word_1_92' title='bbox 729 3901 856 3993; x_wconf 75' lang='lat' dir='ltr'>legione</span> <span class='ocrx_word' id='word_1_93' title='bbox 888 3902 1051 3992; x_wconf 82' lang='lat' dir='ltr'>stipendia</span> <span class='ocrx_word' id='word_1_94' title='bbox 1077 3903 1213 3975; x_wconf 83' lang='lat' dir='ltr'>iaciunt.</span> <span class='ocrx_word' id='word_1_95' title='bbox 1241 3902 1372 3995; x_wconf 88' lang='lat' dir='ltr'>Optimo</span> 
     </span>
     <span class='ocr_line' id='line_1_14' title="bbox 289 4018 1372 4113; baseline 0.003 -24"><span class='ocrx_word' id='word_1_96' title='bbox 289 4018 363 4110; x_wconf 88' lang='lat' dir='ltr'>jure</span> <span class='ocrx_word' id='word_1_97' title='bbox 376 4028 466 4102; x_wconf 86' lang='lat' dir='ltr'>suut,</span> <span class='ocrx_word' id='word_1_98' title='bbox 484 4039 673 4112; x_wconf 84' lang='lat' dir='ltr'>quanquam</span> <span class='ocrx_word' id='word_1_99' title='bbox 688 4021 878 4113; x_wconf 81' lang='lat' dir='ltr'>suffragium</span> <span class='ocrx_word' id='word_1_100' title='bbox 897 4042 970 4093; x_wconf 89' lang='lat' dir='ltr'>raro</span> <span class='ocrx_word' id='word_1_101' title='bbox 988 4023 1111 4106; x_wconf 84' lang='lat' dir='ltr'>ierunt,</span> <span class='ocrx_word' id='word_1_102' title='bbox 1134 4042 1208 4094; x_wconf 89' lang='lat' dir='ltr'>eum</span> <span class='ocrx_word' id='word_1_103' title='bbox 1239 4023 1372 4095; x_wconf 85' lang='lat' dir='ltr'>domiui-</span> 
     </span>
    </p>
   </div>
   <div class='ocr_carea' id='block_1_7' title="bbox 331 4377 587 4456">
    <p class='ocr_par' dir='ltr' id='par_1_7' title="bbox 331 4377 587 4456">
     <span class='ocr_line' id='line_1_15' title="bbox 331 4377 587 4456; baseline 0.012 -15"><span class='ocrx_word' id='word_1_104' title='bbox 331 4377 446 4456; x_wconf 73' lang='lat' dir='ltr'>ludu,</span> <span class='ocrx_word' id='word_1_105' title='bbox 462 4399 523 4456; x_wconf 83' lang='lat' dir='ltr'>xri,</span> <span class='ocrx_word' id='word_1_106' title='bbox 541 4382 587 4444; x_wconf 71' lang='lat'>โด3.</span> 
     </span>
    </p>
   </div>
   <div class='ocr_carea' id='block_1_8' title="bbox 0 0 1778 5454">
    <p class='ocr_par' dir='ltr' id='par_1_8' title="bbox 0 0 1778 5454">
     <span class='ocr_line' id='line_1_16' title="bbox 0 0 1778 5454; baseline 0 2"><span class='ocrx_word' id='word_1_107' title='bbox 0 0 1778 5454; x_wconf 95' lang='lat' dir='ltr'> </span> 
     </span>
    </p>
   </div>
  </div>
 </body>
</html>
