3546 5454
335 2557 377 2630 Ul
392 2558 501 2649 priore
515 2566 547 2628 et
562 2557 726 2648 ampliore
743 2552 933 2627 volemine¹
966 2555 1052 2646 inme
1082 2554 1182 2625 civilis
1212 2553 1372 2644 peritissi-

286 2699 377 2750 mum
396 2680 494 2750 loisse
510 2677 702 2750 Ciceronem
720 2681 837 2750 docere
855 2677 960 2750 conell
975 2678 1158 2761 somnone
1169 2678 1243 2768 jure
1260 2678 1372 2767 punn-

286 2825 323 2875 co
342 2806 552 2875 exercitulum
570 2826 628 2876 neo
657 2824 720 2881 nou
739 2803 997 2874 eruditissimum
1027 2805 1182 2874 eumdem
1197 2802 1373 2874 ostendere
1412 2817 1414 2821 ’

286 2945 374 2995 nnnc
388 2927 564 2998 enitemur.
584 2926 698 3016 Neque
727 2926 815 2996 enim
847 2925 923 2994 salis
951 2932 1001 2994 est
1032 2925 1253 3027 profluentem
1276 2925 1372 2996 Tullii

284 3049 506 3140 eloquentiam
518 3050 643 3134 mirari,
656 3059 786 3140 oportet
804 3069 937 3142 qnoque
953 3050 1017 3121 hoc
1025 3048 1167 3134 lucidius
1181 3057 1213 3118 et
1227 3048 1375 3139 apertius

284 3169 422 3240 reddere
438 3189 503 3260 quo
522 3169 621 3240 modo
636 3171 766 3242 animos
789 3172 928 3255 flexerit,
950 3193 1014 3263 que
1036 3171 1189 3256 voluerii,
1215 3193 1279 3244 non
1301 3181 1378 3245 teu.

285 3302 357 3366 tum
374 3314 492 3364 canoro
508 3295 687 3386 grandique
712 3315 879 3379 sermone,
909 3316 1024 3374 rerum
1054 3296 1152 3382 ctiam
1184 3297 1319 3380 rationis
1345 3297 1379 3372 ri

286 3425 319 3488 et
333 3416 430 3486 honae
448 3416 569 3487 mentis
585 3417 787 3490 testimonio.

332 3537 540 3610 Peneissimis
557 3539 647 3622 viris,
664 3541 726 3610 hcc
746 3540 880 3610 ineunte
897 3525 1031 3623 soeculo,
1052 3547 1157 3612 lotum
1183 3536 1380 3619 Ciceronem⁴

286 3661 564 3756 comprehendere
599 3670 698 3754 alque
738 3661 808 3752 ojus
841 3662 1008 3755 ingenium
1038 3661 1166 3754 ingenio
1206 3662 1274 3734 lere
1307 3663 1377 3752 puri

284 3779 447 3852 celebrere
477 3801 669 3853 concessum
699 3781 773 3854 luit.
795 3781 900 3854 Nobis
915 3791 1041 3868 aulem,
1074 3792 1235 3876 quantum
1253 3785 1378 3876 exiguis

283 3903 408 3974 viribus
432 3903 560 3976 eificcro
590 3926 780 3996 possumne,
802 3907 1018 3979 excellentem
1036 3926 1073 3981 uc
1100 3908 1375 3998 perfectissimum

285 4037 449 4101 oratorem
468 4029 577 4120 aliqua
599 4031 714 4102 sallem
732 4038 823 4119 parte
840 4028 961 4099 intueri
979 4030 1075 4101 liceat
1102 4040 1135 4101 et
1160 4051 1264 4101 unum
1291 4050 1375 4120 opus

328 4387 339 4434 1
355 4386 482 4452 ciceron
491 4388 723 4468 conscensum,
738 4389 830 4468 raus,
846 4388 970 4466 reone,
989 4389 1076 4452 rece.
