3546 5454
839 625 1025 698 ..qq-

396 789 462 852 tar.
479 776 561 850 Nam
575 776 706 849 aritium
722 769 916 869 supplicium
930 790 996 848 non
1010 783 1073 860 est,
1089 773 1148 848 sed
1174 775 1359 870 perfugium
1388 795 1467 869 por·

395 912 515 996 cosque
551 901 702 992 supplicii
735 925 743 972 :
774 917 840 974 non
871 901 1025 972 adimitur
1051 899 1148 993 igitur
1174 901 1284 972 civitas
1314 900 1362 971 eis
1388 901 1468 992 qui,

394 1036 431 1100 ut
445 1028 745 1119 uincntanecesque
767 1036 799 1100 at
829 1028 1021 1121 ignominias
1047 1028 1163 1111 ritant,
1180 1028 1292 1100 sedam
1306 1047 1344 1098 ac
1360 1026 1470 1099 locum

393 1159 533 1235 mutant,
547 1151 606 1224 sed
623 1150 784 1241 potiusne
806 1151 845 1222 iis
874 1151 1070 1244 relinquitur
1097 1171 1135 1222 ac
1165 1147 1379 1242 dependunt
1410 1149 1468 1222 Sin

392 1283 502 1348 auum
519 1275 600 1367 legis
614 1274 677 1346 rim
695 1274 728 1346 in
745 1274 870 1348 ciuitate
883 1272 995 1347 subire
1023 1275 1153 1360 uellent,
1184 1290 1252 1347 uon
1273 1275 1365 1367 prins
1392 1275 1469 1347 uiti·

394 1407 494 1472 tatem
509 1413 607 1492 qnam
624 1399 721 1471 vitam
735 1399 935 1471 amitterent.

440 1542 683 1632 Exitiumrero,
709 1549 751 1621 ob
781 1549 892 1642 patriae
920 1551 1098 1632 caritatem,
1125 1549 1169 1621 ita
1197 1551 1317 1623 durum
1340 1551 1472 1625 rideba-

398 1679 452 1744 tur
470 1680 507 1751 ut
529 1691 777 1763 nonnumquam
804 1672 837 1744 in
863 1673 988 1744 civitate
1020 1673 1215 1766 supplicium
1230 1676 1355 1746 solvere
1372 1696 1471 1767 quam

393 1799 426 1870 in
455 1807 587 1871 externa
614 1800 744 1891 regione
777 1800 882 1872 rivere
924 1799 1071 1871 mallant.
1106 1799 1218 1892 ltaque
1243 1801 1331 1872 baud
1362 1802 1472 1874 minus

394 1923 548 2000 acerbum
579 1943 651 1995 cssc
680 1923 810 1996 exitium
841 1943 938 2015 quam
967 1940 1056 1994 mors
1085 1923 1341 2010 existimabatur,
1376 1935 1474 2019 atque

389 2048 613 2142 jurisconsulti
628 2048 753 2138 capitati
769 2067 865 2140 poena
886 2048 970 2118 affici
999 2065 1074 2118 enm
1101 2047 1156 2138 qui
1181 2068 1199 2118 e
1227 2049 1350 2122 cinnatu
1382 2051 1472 2123 unire

397 2181 578 2266 cogeretur,
595 2172 700 2244 dicere
720 2173 880 2244 solebant.

455 2324 607 2412 Quamvis
640 2343 714 2394 vera
742 2323 825 2395 dicat
852 2321 976 2392 Tullius
1005 2330 1145 2406 noster,
1184 2323 1338 2396 subtilius
1362 2335 1470 2398 tamen

396 2450 563 2522 interdum
587 2448 676 2540 loqui
702 2446 842 2518 videtur.
880 2443 962 2516 Nam
989 2447 1031 2531 is,
1062 2448 1200 2539 exempli
1235 2447 1348 2539 gratia,
1376 2470 1476 2541 quem

397 2585 488 2667 pater
516 2582 661 2665 patratus
690 2571 838 2644 hostibus
867 2571 987 2654 tradit,
1020 2580 1055 2642 ut
1086 2571 1240 2664 religione
1268 2573 1377 2646 civitas
1408 2577 1472 2646 sol-

396 2711 502 2785 ratur,
536 2719 601 2770 non
630 2706 748 2789 sponte
775 2717 834 2768 sua
862 2717 897 2768 se
925 2694 1049 2768 civitate
1074 2695 1223 2780 abdicat3
1254 2697 1306 2768 cui
1334 2718 1418 2789 aqua
1444 2708 1476 2770 et

395 2824 468 2917 igne
496 2822 727 2904 interdicitur,
766 2820 874 2891 solum
901 2837 966 2889 non
1002 2827 1126 2890 vertere
1148 2837 1215 2889 non
1250 2828 1381 2910 potest3
1416 2819 1473 2910 qui

393 2948 534 3042 denique
565 2948 605 3018 ab
635 2945 785 3017 hostibus
820 2955 933 3035 captus
965 2952 1036 3026 est,
1071 2961 1183 3014 servus
1209 2943 1391 3015 necessario
1418 2943 1470 3025 fit,

395 3074 457 3145 nisi
490 3072 606 3146 eodem
633 3070 718 3142 bello
741 3069 781 3140 ad
811 3088 890 3140 suos
919 3067 1028 3140 redeat
1055 3077 1087 3138 et
1108 3067 1310 3159 postliminio
1330 3065 1470 3138 fruatur.

394 3198 437 3270 ut
452 3197 586 3291 argutiis
606 3194 793 3287 indulgebat
828 3194 1048 3264 Romanorum
1078 3191 1245 3284 ingenium
1268 3199 1301 3263 et
1333 3189 1476 3284 quodam

396 3325 493 3397 modu
517 3323 580 3394 dici
605 3329 735 3414 poterat
761 3319 944 3391 libertatem
973 3335 1010 3388 ac
1038 3316 1198 3388 civitatem
1222 3316 1346 3388 nemini
1376 3315 1476 3386 invito

392 3449 492 3521 adimi
508 3465 617 3540 posse.
647 3445 715 3516 Hoc
731 3443 909 3516 notandum
924 3443 1104 3534 praesertim
1127 3451 1176 3514 cst
1193 3463 1201 3510 ε
1220 3441 1348 3513 nullum
1367 3440 1475 3512 civita·

395 3571 729 3664 tempriusamitterc
754 3585 852 3662 quam
875 3569 908 3638 in
933 3568 1066 3638 alteram
1098 3574 1249 3655 acceptus
1278 3564 1332 3635 sit.
1363 3563 1475 3654 ltaque

395 3697 616 3792 nequidquam
628 3694 702 3787 jure
727 3693 829 3764 ieciaii
856 3689 1064 3762 Numantinis
1082 3687 1248 3760 Mancinus
1262 3687 1392 3759 deditus
1410 3695 1473 3769 est,

397 3846 471 3900 cum
486 3845 561 3897 eom
585 3823 629 3894 iiii
655 3841 720 3892 non
737 3819 920 3910 acceperint
938 3840 947 3887 ε
966 3813 1053 3888 baud
1074 3814 1276 3906 postliminio
1298 3812 1478 3895 civitatem,

396 3962 433 4024 ut
447 3949 675 4042 potamicum,
691 3946 903 4040 recuperarit,
920 3944 979 4017 sed
1007 3944 1169 4035 integrum
1194 3942 1247 4034 jus
1276 3959 1407 4033 semper
1424 3960 1477 4015 re·

440 4314 447 4358 ¹
465 4310 541 4390 tin,
557 4330 626 4389 xxv,
645 4313 671 4376 d.
