3546 5454
749 665 791 679 ..
823 627 942 699 592-
1023 669 1027 680 .

293 777 324 840 te
337 771 464 856 habeat,
482 775 641 865 populum
657 773 749 847 illum
777 776 930 857 lundum,
961 795 980 846 a
1008 797 1073 868 qno
1089 786 1138 848 est
1154 777 1287 860 adscita,
1311 793 1371 866 pro

293 899 395 970 lundo
410 900 551 991 quodam
566 919 640 984 suo,
656 911 693 971 ut
717 902 749 971 iu
769 922 807 974 eo
824 901 935 972 sedem
959 911 1072 992 ponat,
1102 902 1211 975 habet.
1240 902 1285 972 lla
1314 921 1372 993 per

292 1025 536 1096 translationem
573 1045 610 1096 ea
640 1025 767 1100 dicendi
806 1027 886 1098 ratio
923 1028 1147 1100 auctoritatem
1191 1029 1371 1122 significare

282 1152 391 1243 -coepit
405 1150 431 1221 1.
465 1181 480 1218 s

341 1277 436 1349 Prius
459 1287 568 1350 autem
597 1300 693 1372 quam
732 1291 877 1352 nostram
905 1299 1137 1372 expromamus
1165 1275 1368 1373 opinionem,

292 1399 608 1472 adnimadvertamus
635 1403 697 1475 hoc
723 1405 872 1487 verbum,
903 1406 1055 1488 fundum,
1085 1407 1162 1479 satis
1198 1405 1370 1498 antiquum

291 1525 404 1606 tuisse,
422 1526 513 1617 cujus
530 1527 576 1598 ris
591 1529 705 1600 eadem
721 1531 762 1600 sit
785 1541 884 1622 atque
906 1531 1048 1602 auctoris
1077 1540 1108 1602 et
1126 1529 1367 1622 adprobatoris.

290 1649 423 1721 Plautus
445 1651 546 1734 enim,
576 1651 608 1720 in
635 1653 830 1738 illaiamne,
857 1653 1010 1744 producit
1035 1655 1188 1747 juvenem
1204 1653 1368 1746 Lysitilem

290 1776 424 1846 consilia
449 1777 622 1868 agitantem
648 1787 685 1848 ut
713 1777 883 1869 virginem,
913 1779 1082 1850 Lesbonici
1112 1799 1275 1862 sororem,
1307 1779 1369 1850 sibi

285 1899 594 1992 jungatconnuhio.
623 1899 770 1974 Absenle
787 1899 975 1985 Charmide,
999 1902 1130 1994 virginis
1160 1913 1265 1994 patre,
1295 1924 1370 1976 eum

288 2027 468 2098 Lesbonico
496 2035 605 2118 egerat
632 2037 670 2097 ut
697 2027 758 2100 sibi
787 2039 927 2118 nuptum
962 2028 1095 2099 daretur
1122 2029 1241 2118 puella,
1270 2030 1369 2101 etiam

289 2153 450 2234 indotata3
477 2151 611 2242 negabat
645 2165 752 2222 tamen
779 2151 980 2223 Lesbonicus
1007 2153 1185 2224 indotatam
1203 2173 1366 2236 sororem,

288 2277 442 2369 quoniam
459 2276 489 2346 id
514 2288 609 2367 turpe
636 2277 814 2360 rideretur,
841 2279 869 2349 ei
895 2279 927 2346 in
951 2277 1196 2347 matrimonium
1211 2278 1368 2349 collocare

287 2398 379 2479 nelle,
397 2397 469 2478 etsi,
493 2396 569 2469 dote
587 2408 771 2482 numerata,
803 2399 865 2490 ipsi
882 2398 960 2470 nihil
979 2395 1097 2489 reliqui
1121 2409 1221 2470 esset.
1250 2398 1364 2491 Neque

285 2523 383 2614 igitur
418 2523 578 2614 expressis
597 2522 703 2594 verbis
728 2524 945 2614 desponderat
979 2543 1139 2594 sororem.
1175 2524 1287 2614 ltaque
1315 2544 1367 2594 re·

206 2630 213 2644 ⁹
287 2649 442 2719 deuntem
472 2644 680 2718 Charmidem
708 2647 880 2720 contenire
911 2646 1023 2718 statuit
1049 2647 1201 2739 Lysiteles
1233 2657 1265 2718 et
1293 2645 1367 2717 talia

284 2792 393 2843 secum
408 2772 504 2844 volvit
522 2795 531 2842 :

390 2979 404 3016 ‹
431 2951 524 3023 Nunc
542 2952 586 3022 mi
604 2953 631 3022 is
649 2971 789 3042 propere
806 2951 1035 3022 conveniundu
1050 2952 1104 3034 'st‚
1128 2960 1165 3020 ul
1182 2972 1255 3042 quae
1269 2971 1343 3022 uum

453 3072 525 3162 ejus
552 3072 618 3142 filio

381 3197 449 3290 Egi,
478 3198 507 3268 ei
537 3197 583 3268 rei
613 3206 704 3288 pater
733 3197 775 3268 sit
800 3197 922 3266 lundus
950 3195 1058 3285 potior
1071 3193 1132 3264 ⁹.»

331 3375 390 3446 Hic
406 3376 502 3467 igitur
530 3375 649 3446 lundus
680 3384 730 3445 est
760 3385 874 3444 auctor
903 3383 1002 3465 atque
1025 3371 1087 3442 hoc
1104 3371 1238 3442 verbum
1269 3371 1365 3442 latine

283 3502 369 3572 idem
384 3500 467 3570 valet
480 3509 578 3591 atque
594 3519 696 3592 graece
711 3511 864 3584 ὅεὸαιωτῆς,
881 3515 978 3594 κύριος.

331 3626 378 3698 En
391 3626 500 3708 Festo,
517 3617 584 3698 h'aee
606 3627 704 3698 verba
726 3629 861 3713 fundum
875 3630 960 3714 fieri,
991 3626 1030 3697 ad
1059 3634 1260 3698 contractum
1275 3642 1365 3714 emp·

283 3750 619 3823 tionis-venditionis
652 3750 816 3841 pertinent
847 3760 880 3822 et
912 3750 1094 3843 significant
1131 3749 1289 3841 populum
1324 3748 1364 3820 de

322 4111 334 4154 1
350 4109 626 4189 Moderationem,
657 4110 678 4171 l.
696 4130 738 4188 rr,
755 4131 781 4173 c.
802 4113 847 4174 ld.
865 4114 964 4192 Neque
976 4109 1059 4174 aliter
1077 4112 1130 4172 hon
1143 4110 1262 4174 verbnm
1277 4111 1366 4174 inter-

282 4199 385 4280 pretati
399 4211 466 4261 suut
479 4199 644 4277 Foreellini,
655 4200 769 4261 Freund
784 4210 812 4262 et
825 4201 950 4280 Georges
963 4199 992 4262 in
1009 4201 1069 4263 suis
1083 4199 1238 4280 glossariis.

321 4335 413 4398 ²Act.
427 4355 456 4411 v,
473 4353 511 4396 sc.
531 4337 557 4395 l.
