3546 5454
836 633 1032 703 ..50-

390 776 541 848 Romani.
570 775 706 849 Difficile
738 776 817 848 milri
844 777 973 850 ridetur
1014 776 1199 849 discernere
1241 785 1314 848 utra
1342 775 1468 846 firmior

387 911 474 972 esset
496 903 699 992 pactiouean
730 903 878 992 sponsio.
914 900 948 972 Si
974 901 1184 993 jurisperitos
1214 903 1469 991 interrogamus,

386 1027 535 1098 ridemus
549 1025 728 1119 sponsione
748 1047 826 1099 usos
851 1047 923 1100 esse
953 1027 1117 1098 Romanos
1148 1027 1181 1097 in
1201 1003 1469 1120 obligationibus,

385 1172 460 1245 quae
476 1151 583 1225 verbis
610 1153 739 1236 tierent,
772 1162 871 1245 atquo
900 1154 933 1224 in
965 1174 1002 1225 ea
1017 1174 1088 1226 sese
1103 1152 1269 1246 obligandi
1284 1152 1390 1224 forma
1407 1152 1469 1223 ali·

386 1275 466 1369 quid
481 1276 638 1347 sollemne
658 1285 691 1347 et
705 1276 929 1349 Romanorum
957 1277 1132 1368 proprium
1156 1277 1276 1348 inesse.
1308 1274 1473 1347 Pactionis

386 1410 496 1473 autem
510 1399 648 1472 uerbum
670 1400 834 1474 minorem
849 1401 914 1473 rim
941 1400 1051 1487 habet,
1069 1401 1145 1494 quia
1161 1401 1202 1472 ad
1219 1401 1472 1493 omnisgeneris

386 1526 572 1591 contractus
587 1518 731 1610 pertinet
745 1515 774 1589 1.

442 1642 648 1716 ‹Uticedus
663 1653 904 1717 sacrosanctum
921 1645 977 1730 sit,
1010 1665 1029 1716 a
1056 1647 1181 1738 populo
1212 1647 1330 1720 sanciri
1359 1647 1470 1724 debet.

387 1767 506 1839 deinde
520 1767 704 1840 sanctiones
720 1767 884 1840 sacrandae
912 1776 990 1840 sunt
1018 1779 1074 1841 aut
1098 1791 1217 1862 genere
1234 1772 1320 1863 ipso,
1340 1780 1397 1842 aut
1412 1770 1473 1842 ob·

382 1892 551 1965 testatione
572 1893 664 1985 legis,
694 1902 751 1965 aut
778 1913 889 1985 poena,
916 1913 992 1964 cum
1019 1903 1116 1985 caput
1145 1889 1231 1988 ejus,
1264 1894 1321 1986 qui
1351 1900 1471 1965 contra

385 2018 510 2102 iecerit,
526 2027 745 2089 consecratur.
765 2046 780 2082 ›
817 2016 870 2089 Sic
884 2019 929 2088 ait
944 2015 1057 2090 Cicero
1072 2016 1098 2088 ².
1131 2018 1211 2091 ltem
1244 2017 1359 2090 Festus
1383 2037 1468 2088 ‹sa-

384 2152 589 2215 crosanctum
605 2142 722 2214 dicitur
748 2142 837 2233 quod
860 2141 1075 2233 jurejurando
1107 2143 1302 2234 interposito
1337 2142 1469 2214 iustitu-

386 2277 456 2338 tum
471 2276 532 2350 est,
554 2267 581 2337 si
598 2267 671 2360 quis
688 2267 722 2337 id
736 2267 901 2350 violasset,
919 2276 955 2337 ut
969 2275 1075 2339 morte
1097 2288 1209 2359 poenas
1226 2269 1343 2339 lueret.
1361 2293 1376 2332 s

434 2393 609 2487 Nunquam
624 2395 665 2464 de
688 2395 813 2467 ioedere
843 2365 1003 2464 Gaditano
1034 2394 1177 2483 populus
1201 2395 1368 2465 Romanus
1400 2414 1475 2466 seu·

388 2518 522 2590 tentiam
540 2519 628 2600 tulit,
641 2518 714 2588 ideo
730 2537 836 2609 neque
851 2526 1094 2588 sacrosanctum
1112 2528 1193 2598 erat,
1208 2538 1315 2610 neque
1331 2519 1471 2607 impium

388 2645 503 2715 fuisset
518 2644 641 2734 aliquid
656 2643 695 2713 ab
713 2643 823 2735 aliquo
839 2644 957 2714 mutari
988 2668 995 2712 ε
1026 2663 1044 2712 a
1068 2642 1104 2713 L.
1131 2643 1248 2714 Marcio
1279 2644 1472 2714 centurione

391 2789 465 2841 cum
497 2767 663 2838 Gaditanis
701 2768 845 2856 primum
877 2768 978 2838 ictum
1009 2767 1118 2838 loedus
1146 2788 1165 2837 e
1195 2777 1312 2840 senatu
1346 2777 1473 2839 tantum

389 2894 434 2967 M.
451 2892 574 2983 Lepido
589 2901 621 2963 et
635 2891 675 2976 Q.
693 2888 807 2961 Catulo
821 2911 906 2962 coss.
934 2900 1125 2963 renovatum
1143 2891 1217 2974 luit,
1246 2901 1279 2962 et
1308 2913 1472 2984 nusquam

390 3040 425 3090 se
444 3018 585 3110 populus
598 3017 764 3108 obligarit.

438 3142 584 3214 Foederis
601 3141 799 3225 sanctiones,
819 3142 886 3213 sive
900 3143 1001 3233 leges
1024 3141 1178 3232 religione
1192 3141 1356 3212 sacrandae
1382 3151 1470 3213 sunt.
1548 3181 1553 3190 ·

387 3269 584 3342 Patereoim
604 3276 747 3357 patratus
771 3266 811 3337 ad
837 3265 1071 3357 jusjurandum
1107 3266 1316 3355 patrandum,
1348 3266 1381 3336 id
1409 3278 1471 3348 est,

387 3393 495 3467 loedus
517 3391 741 3474 sanciendum,
776 3397 948 3481 postquam
974 3388 1115 3459 verbena
1144 3398 1247 3462 lactus
1262 3400 1343 3474 erat,
1362 3390 1473 3463 Jorem

381 3518 494 3590 orabat
523 3527 558 3589 ut
590 3517 720 3588 loederis
753 3523 1013 3606 contemptorem
1043 3514 1169 3600 leriret,
1209 3511 1292 3588 sicut
1341 3526 1374 3588 et
1402 3516 1473 3609 ipse

427 3881 437 3922 1
452 3880 504 3941 Est
517 3877 619 3959 pactio,
636 3887 668 3938 ut
681 3875 720 3937 ait
735 3873 886 3956 Ulpianus,
914 3873 1037 3936 duorum
1062 3874 1225 3955 pluriumve
1240 3875 1270 3937 in
1285 3875 1359 3939 idem
1375 3875 1468 3958 placi-

386 3981 447 4031 tum
461 3985 627 4030 consensus.
645 3967 763 4026 Pactum
789 3976 884 4026 autem
899 3982 915 4025 a
928 3963 1056 4044 pactione
1072 3963 1188 4042 dicitur,
1217 3964 1284 4026 iude
1298 3966 1383 4026 etiam
1398 3965 1474 4045 pacis

386 4076 488 4119 nomeu
502 4055 675 4136 appellatum
690 4064 743 4115 est.
766 4090 805 4101 —
829 4055 914 4135 Dap,
938 4073 971 4130 ιι,
996 4055 1043 4130 ll,
1067 4056 1111 4115 De
1135 4055 1259 4134 pactam
1287 4053 1327 4115 id.
1350 4056 1471 4132 Festus;

386 4181 426 4192 -
440 4148 511 4218 Quae
524 4145 549 4207 si
565 4145 604 4205 ita
618 4145 685 4220 sint,
703 4143 792 4205 invito
808 4141 918 4205 scilicet
935 4142 1066 4223 Sigeum,
1083 4155 1196 4223 pactum
1211 4143 1363 4226 sponsione
1376 4143 1472 4205 minus

387 4235 487 4298 stabile
501 4233 590 4297 fuisse
607 4233 703 4295 dicere
717 4233 820 4295 ausim.

428 4343 515 4401 erro
529 4339 648 4417 Balbo„
665 4359 746 4418 xxiv,
764 4342 811 4401 33.
879 4389 882 4396 .
