3546 5454
724 1335 886 1399 CAPUT
920 1334 971 1399 VI

429 1691 568 1750 'l'otlus
595 1689 798 1749 orationis
826 1690 949 1749 rutlo.
976 1720 1021 1736 -
1048 1689 1270 1750 Conclusio.

356 2575 426 2647 lam
451 2593 528 2647 vero
554 2575 728 2667 praecipuis
754 2557 910 2646 orationis
927 2593 988 2665 pro
1003 2570 1102 2645 Balbo
1117 2573 1197 2646 loeis
1212 2571 1390 2665 explicatis,

310 2701 337 2771 si
369 2701 402 2771 in
430 2699 563 2772 brevem
593 2708 805 2792 eonspeotum
835 2701 905 2791 ejus
942 2707 1050 2793 partes
1083 2698 1223 2790 amplexi
1256 2697 1390 2778 erimus,

168 2889 171 2896 .
308 2825 353 2895 ita
378 2833 524 2898 aoeurate
552 2824 670 2896 dietam
702 2825 925 2918 scriptamque
956 2823 1191 2897 aestimabimus
1218 2832 1255 2895 ut
1284 2823 1391 2906 nihil,

310 2949 399 3041 quod
412 2951 456 3026 ad
468 2969 573 3021 causae
596 2949 819 3022 defensionem
835 2951 1029 3041 pertineret,
1048 2948 1307 3041 praetermissum
1325 2963 1395 3020 esse

309 3066 471 3144 videatur.

358 3193 442 3270 Gom
459 3197 662 3271 audientium
693 3201 821 3272 animos
851 3195 948 3272 simul
981 3208 1015 3272 et
1040 3215 1136 3272 aures
1167 3211 1395 3292 preoccupare

308 3319 409 3395 soleat
425 3323 549 3396 Tollius
567 3323 600 3394 in
631 3325 782 3409 exordio,
810 3325 961 3417 judicum
979 3324 1244 3398 benevolentiam
1272 3323 1333 3396 sibi
1363 3327 1396 3394 et

307 3441 408 3518 nono
425 3449 573 3520 uonolliat
591 3449 801 3542 ostenditque
816 3469 910 3521 reum
941 3449 981 3521 ab
1010 3449 1221 3540 amplissimis
1249 3462 1287 3520 ao
1306 3447 1397 3540 peri-

308 3567 442 3642 tissimis
458 3569 606 3661 patronis
630 3591 701 3644 esse
723 3571 909 3644 dolensem.
926 3569 1023 3656 Quod
1036 3572 1171 3665 quidem
1193 3571 1260 3664 jam
1277 3567 1396 3643 sederat

306 3693 446 3778 Tullius,
466 3704 504 3765 nt
518 3694 552 3766 in
569 3694 670 3767 Sextii
686 3701 782 3767 eausa
805 3703 839 3767 et
857 3693 1056 3789 quibusdam
1085 3695 1169 3768 allis.
1202 3695 1397 3788 Sequuntur

309 3813 643 3913 CrassiPompollque
657 3811 972 3907 rantosnoenrnae,
1002 3824 1101 3914 etque
1127 3820 1185 3906 ita,
1205 3818 1301 3892 tertio
1323 3817 1396 3894 loeo
1515 3815 1518 3821 ’

307 3943 379 4034 ipso
391 3944 546 4038 loquens,
563 3946 669 4039 majus
686 3964 724 4018 ae
739 3945 903 4018 dilfioiliun
918 3957 1002 4036 oput
1017 3939 1146 4038 aggredi
1163 3945 1305 4018 ridetur.

359 4068 448 4142 Balbi
462 4071 560 4142 ritant
584 4071 748 4142 narrando
782 4070 1056 4163 defendendoque
1079 4069 1229 4163 Pompeii
1260 4070 1395 4154 laetum,

309 4196 566 4286 lroepraesortim
583 4196 778 4276 oontendit:
798 4196 904 4290 magis
927 4196 962 4267 in
987 4195 1111 4270 orimen
1140 4195 1269 4270 uenisse
1296 4195 1396 4270 Pom·
