3546 5454
784 1329 909 1392 CAPUT
947 1332 971 1393 V

600 1765 604 1776 ¹
664 1689 718 1742 lte
745 1686 907 1759 populis
924 1723 926 1726 -
943 1685 1082 1744 tundis

378 2578 499 2650 Paulus
518 2576 695 2662 Manutius,
719 2578 751 2648 in
777 2587 898 2650 nostrae
917 2577 1072 2648 erationis
1090 2586 1295 2670 argumento,
1326 2596 1414 2647 asse·

331 2711 451 2774 verata
472 2699 627 2774 Cicerone
655 2721 844 2793 perversum
873 2721 944 2772 esse
976 2721 1109 2771 sensnm
1141 2701 1227 2772 illius
1251 2701 1413 2783 formulae,

329 2831 505 2918 crtpcpcttcs
518 2831 634 2914 ferrern
649 2833 745 2916 fieret,
770 2840 807 2901 ut
830 2849 898 2901 snae
912 2848 1018 2900 cansae
1043 2827 1229 2911 inserviret,
1257 2837 1354 2920 atque
1374 2827 1417 2898 ita

332 2954 464 3026 disserit
486 2978 494 3023 :
712 2943 714 2948 ’
1126 2941 1129 2948 ’
1416 2935 1419 2942 ’

378 3084 458 3155 'icta
490 3104 585 3155 causa
616 3085 738 3156 ioederc
759 3085 893 3175 pendet,
926 3087 959 3157 id
990 3095 1053 3168 est,
1082 3085 1123 3156 ah
1150 3084 1418 3178 interpretatione

331 3229 446 3282 eorum
462 3194 635 3281 verborum
657 3234 664 3278 :
687 3213 864 3298 crpcpctus
890 3213 1007 3296 scadan
1036 3214 1133 3298 fieret.
1167 3208 1344 3281 Accusator
1372 3210 1418 3281 sic

330 3333 631 3424 interpretabatur:
653 3333 793 3404 fundum
823 3334 893 3404 ficri
918 3335 1092 3426 populum,
1117 3354 1190 3405 curn
1206 3316 1319 3405 anctcr
1334 3342 1419 3406 esset

330 3459 400 3550 ejus
432 3461 477 3528 rei
508 3479 606 3550 quani
636 3460 812 3543 alienaret;
844 3457 957 3530 Cicero
989 3483 997 3528 :
1024 3479 1098 3530 curn
1126 3459 1286 3551 acciperet
1317 3478 1416 3529 unam

330 3585 479 3675 pluresve
513 3584 600 3676 leges
631 3585 743 3654 Romae
771 3585 863 3668 latae,
900 3594 937 3654 ut
966 3584 1005 3654 iis
1032 3583 1159 3676 legibus
1188 3583 1220 3654 in
1248 3593 1418 3676 posterum

328 3728 419 3801 aeque
434 3729 471 3780 ac
485 3711 628 3800 populus
647 3709 817 3780 Romanus
836 3717 1002 3780 uteretur.

377 3861 523 3932 Primum
540 3862 603 3932 hcc
621 3861 803 3932 notandum
818 3871 881 3933 est.
900 3859 1047 3953 Populus
1070 3859 1142 3931 fieri
1171 3867 1281 3950 potest
1296 3860 1421 3931 fundus

327 3986 410 4076 juris
425 3985 563 4054 Romani
580 3983 631 4055 rei
649 3987 727 4078 legis
752 3985 905 4077 alicujus,
924 4005 1020 4076 quarn
1051 3984 1181 4075 accipit,
1199 3993 1230 4054 et
1247 3985 1294 4055 sic
1309 3994 1423 4057 auctor

330 4119 380 4183 est
409 4110 618 4201 propriarum
649 4113 777 4202 legum,
813 4133 832 4180 a
862 4112 983 4202 quibus
1014 4111 1150 4192 recedit,
1192 4109 1418 4192 alienationis;

329 4236 385 4307 sed
416 4245 529 4306 auctor
563 4256 629 4306 non
660 4255 732 4306 csse
770 4243 877 4327 petest
907 4235 963 4306 ciri
997 4253 1057 4305 suc
1085 4243 1122 4308 ut
1148 4234 1326 4315 civitatem,
1355 4235 1422 4307 sive

334 4362 459 4453 reterre,
479 4360 545 4430 sire
563 4360 698 4452 invitus,
727 4370 843 4442 mutet¹
875 4362 1055 4462 praesertim
1085 4380 1159 4436 cum
1190 4360 1235 4435 nii
1265 4361 1297 4430 in
1319 4360 1421 4434 ioedc·
