3546 5454
823 613 1089 734 -46ιι-1

377 817 470 888 terat.
500 814 547 886 Ex
566 807 636 907 lege
665 815 706 887 de
733 815 858 888 ambitu
889 817 987 908 igitur
1018 817 1106 888 huno
1136 817 1295 888 honorem
1323 807 1473 886 obtinuit

378 938 512 1026 Balbus,
531 949 568 1010 ut
582 939 626 1010 ait
639 936 751 1012 Cicero
767 938 793 1010 ¹.

424 1089 490 1160 Sed
517 1089 635 1160 diuitiae
652 1102 684 1160 et
700 1090 865 1160 clarorum
897 1090 1068 1162 hominum
1095 1091 1246 1163 amicitiae
1269 1109 1362 1181 paene
1386 1089 1466 1160 oala·

309 1195 312 1202 ’
376 1213 596 1285 mitatiBalbo
617 1212 763 1285 luerunt.
793 1210 890 1296 Nam,
921 1222 958 1283 ut
983 1215 1051 1305 jam
1082 1215 1237 1298 vidimus,
1272 1211 1465 1285 decivitate

375 1346 561 1427 comparata
585 1344 754 1407 aecusatus
782 1345 832 1407 est
843 1336 870 1405 2.
886 1344 888 1352 ’
902 1335 995 1408 Cives
1012 1339 1232 1429 amplissimos
1247 1337 1288 1436 ad
1303 1335 1464 1428 judicium

287 1499 291 1506 ·
373 1461 489 1552 legavit
503 1459 682 1531 Gaditanus
711 1461 866 1550 populus,
903 1469 1002 1532 testes
1032 1461 1129 1552 juris,
1164 1459 1461 1542 laudatoresque,

376 1582 512 1675 periculi
529 1583 769 1673 deprecatores.
788 1581 927 1655 Causam
955 1585 1027 1677 ejus
1044 1593 1276 1676 susceperunt,
1305 1591 1343 1654 ut
1365 1600 1465 1672 supra

378 1705 500 1778 dietum
517 1714 580 1792 est,
596 1706 773 1797 Pompeius
791 1702 996 1798 Crassusque
1012 1704 1191 1779 aoCioero.

438 1857 593 1931 Ceterum
620 1858 780 1929 oiuitetem
811 1857 909 1928 Balbo
939 1856 1048 1929 datam
1073 1858 1139 1948 jam
1169 1858 1385 1949 probaverant
1413 1856 1463 1927 sui

376 2001 467 2065 oum,
488 1981 613 2072 aliquot
629 1981 724 2051 annis
748 1987 858 2062 antea„
890 1979 1071 2069 hospitium
1102 2001 1178 2056 oum
1204 1979 1303 2050 Balbo
1336 1978 1465 2070 publiea

377 2105 531 2178 fecissent
543 2104 569 2174 ³.
589 2103 704 2174 Studio
721 2103 793 2195 ejus
808 2124 845 2175 an
857 2104 969 2176 labore
983 2113 1162 2196 rogatuque
1184 2104 1286 2175 multa
1306 2103 1465 2176 beneficia

377 2231 410 2299 in
430 2226 895 2300 GaditenesoontulitCeesar.
989 2299 991 2304 .

425 2379 617 2452 Hooeuenit
642 2378 741 2450 Balbo
773 2389 809 2450 ut
840 2375 1108 2470 conjunctissime
1140 2399 1214 2451 oum
1243 2378 1400 2468 Pompeio
1431 2371 1469 2449 et

374 2503 501 2576 Caesare
523 2503 647 2574 vixerit.
665 2501 827 2574 Defensus
844 2524 863 2573 a
879 2503 1036 2594 Pompeio
1063 2513 1161 2596 atque
1184 2524 1258 2575 oum
1283 2503 1463 2573 familiaris-

375 2629 467 2704 simis
475 2626 675 2718 adaequatus,
685 2625 794 2698 locum
811 2627 852 2697 ab
866 2628 982 2698 eodem
993 2627 1148 2717 Pompeio
1163 2627 1299 2717 aceepit,
1314 2626 1370 2697 ubi
1386 2626 1461 2697 hor·

376 2761 427 2823 tos
445 2739 618 2823 aedificaret
630 2747 657 2818 4.
689 2748 791 2819 Villas
817 2750 914 2820 etlam
930 2749 1020 2819 dedit
1034 2750 1063 2819 ei
1079 2748 1188 2820 Ceasar
1202 2731 1300 2841 atque
1329 2751 1360 2819 in
1380 2769 1462 2842 prae·

376 2884 463 2959 tura,
478 2875 508 2950 in
526 2875 712 2957 consulatu,
725 2872 952 2964 prefecturam
970 2873 1068 2944 Balbo
1085 2874 1201 2944 detulit
1215 2874 1480 2966 multorumque

415 3274 503 3342 1i¹r0
530 3269 638 3356 netto,
666 3295 736 3356 uxr,
754 3276 813 3357 573
843 3280 903 3340 Pro
930 3275 1081 3357 Cluentio,
1110 3299 1196 3356 nuru,
1225 3273 1293 3342 tan.
1327 3272 1391 3342 Liv.
1409 3293 1458 3357 nn,

374 3390 448 3540 ἒιιιέ,
464 3389 533 3520 {g}
550 3371 598 3430 te.
611 3367 677 3431 Val.
695 3370 770 3430 Max.
787 3387 822 3444 ιι,
838 3370 869 3444 2,
886 3370 915 3428 9.
940 3401 979 3412 -
1001 3366 1085 3429 Conl.
1099 3367 1244 3446 Willems,
1269 3387 1296 3450 p.
1314 3370 1363 3447 et,
1393 3387 1455 3450 sqq.

413 3593 427 3634 2
440 3589 555 3652 Licebat
568 3588 656 3669 igitur
671 3589 814 3650 loederatis
828 3607 963 3650 aoousane
976 3590 1069 3651 eivem
1084 3588 1159 3669 apud
1180 3592 1333 3666 Romanos,
1352 3601 1384 3652 ut
1405 3590 1459 3653 hoo

372 3678 537 3760 exemplum
552 3688 605 3755 ost,
621 3696 654 3738 ex
669 3676 791 3738 Servilia
806 3676 868 3755 lege
883 3677 918 3739 de
941 3676 1055 3738 civitate
1070 3696 1095 3737 a.
1114 3679 1172 3738 653
1193 3675 1258 3754 lata,
1273 3696 1329 3757 qua
1342 3689 1457 3739 oautum

373 3779 415 3829 est
430 3779 471 3844 ut,
502 3765 526 3826 si
539 3765 632 3846 quise
646 3763 732 3826 sooiis
746 3763 855 3826 Latinis
871 3775 1030 3825 senatorem
1052 3781 1133 3824 noum
1148 3763 1262 3826 lenisset
1276 3765 1358 3844 isque
1384 3783 1457 3826 oon-

374 3940 470 4005 looum
485 3941 510 4004 is
524 3952 685 4023 oocuparet,
705 3936 792 4022 quem
806 3940 1010 4004 condemnatus
1025 3939 1179 4002 habuisset.
1209 3976 1248 3988 —
1276 3942 1336 4001 Pro
1348 3939 1455 4020 Bulbo,

374 4047 456 4109 xxiv,
473 4033 520 4092 et.
535 4029 663 4106 Ernesti,
679 4029 786 4092 Clovis
804 4029 1017 4092 Ciceroniana.
1362 4046 1364 4057 ·

413 4161 426 4202 ³
440 4158 501 4220 Hoo
515 4175 551 4219 ex
565 4158 692 4220 oratione
704 4175 758 4238 pro
771 4155 858 4219 Balbo
872 4167 992 4220 onustat.

413 4289 490 4353 ⁴Ad
511 4289 590 4367 Ate„
606 4309 640 4367 11,
657 4291 706 4370 ta,
723 4292 760 4368 l;
791 4311 833 4368 rx,
852 4291 909 4369 l3;
940 4294 985 4354 De
1005 4291 1064 4374 leq.
1082 4310 1165 4374 αρν,
1182 4311 1204 4370 ι,
1221 4298 1249 4354 6.
